2700 5092
231 649 306 719 aaa
521 623 757 735 mensuum
780 649 1022 719 ciaconus

70 830 98 877 Δ.
112 827 142 875 Μ.
156 826 225 882 6850
233 820 266 885 δέ
279 821 330 884 καί
344 814 470 903 ἀδήλοις
486 817 586 883 έλπίσι
598 816 638 882 τά
655 815 730 882 κατ’
750 815 844 881 αὐτὸν
858 815 1035 900 έπιτρέφας.
1063 812 1158 888 παλδς
1171 811 1232 898 γάρ’
1249 810 1305 876 ndo

105 897 429 1020 mirigffluvaddev
450 917 604 1007 ἐπήρτητο
625 927 682 986 τοῦ
704 915 925 1006 συρφετώδους
953 915 1126 1000 όχλον-καλ
1148 914 1305 1001 ἀγροικικο

231 1024 338 1111 λάθρα
352 1027 403 1089 καί
424 1030 574 1109 λαμπρῶς
587 1024 804 1106 ἐπιτιθεμένων
818 1021 953 1087 ἀλλοθεν
968 1020 1081 1100 ἀλλων,
1108 1018 1189 1083 κατὰ
1207 1019 1305 1082 διαστ·

232 1126 319 1213 ματά
334 1153 365 1193 τε
380 1129 430 1192 καί
445 1123 629 1210 συστήματα
638 1176 648 1208 ,
676 1128 727 1191 καί
741 1125 798 1210 τὴν
813 1124 960 1210 οάραγίαν
976 1118 1213 1209 ἀκρωτηριάζειν
1225 1147 1305 1207 πειρι

233 1232 332 1316 μένων
345 1233 396 1296 καί
411 1236 474 1296 τῶν
486 1227 684 1318 σκευοφόρων
698 1228 762 1295 ένια
777 1224 961 1315 διαρπάζειν.
989 1227 1030 1291 τά
1045 1232 1172 1291 πλεῖστοι
1185 1224 1246 1311 γάρ
1262 1235 1305 1291 τοζ

139 1328 145 1340 x
233 1340 316 1420 μῶσι
331 1330 455 1422 (φάναι)
472 1334 584 1419 γίνεται
601 1332 701 1413 δεινά,

429 1434 527 1504 Ὅταν
540 1434 585 1501 δι’
602 1437 720 1521 ἐχθρᾶς
733 1433 811 1510 ποδς
826 1432 988 1518 ἀμείβηται
1000 1427 1129 1517 χθονός.

209 1557 233 1610 Β
313 1536 380 1630 (ς’.)
401 1538 496 1606 Ἀλλά
514 1541 586 1627 πρίν
602 1535 719 1625 ἡμέρας
739 1536 814 1622 όλης
835 1533 908 1602 ὁδόν
924 1532 1055 1618 ἀνάσαι,
1083 1531 1219 1611 σπεόσας
1240 1532 1305 1602 &A

236 1641 340 1727 βέριος
355 1640 527 1728 ἀπήντησεν
543 1641 628 1730 αὐτῷ
643 1639 729 1728 παρά
742 1640 799 1725 τὴν
815 1637 904 1720 όδδν,
932 1642 984 1704 καί
996 1641 1074 1725 χειρὶ
1096 1641 1146 1704 καί
1162 1635 1271 1725 γνιόμη
1291 1667 1305 1704 κ

236 1742 323 1834 πάσῃ
340 1748 488 1832 προθέσει
510 1740 733 1827 δεξιωσάμενος
753 1749 810 1827 τῆς
830 1749 934 1827 ψυχῆς
942 1791 953 1823 ,
988 1746 1040 1807 καί
1061 1742 1114 1830 ἐφ’
1137 1738 1267 1829 ἡμέραις
1284 1768 1305 1807 σ

232 1860 323 1933 χναΐς
337 1853 474 1929 ξενίσας,
508 1846 661 1916 ἀνέπαυσέ
685 1872 718 1912 τε
744 1849 796 1911 καί
822 1843 925 1932 λόγοις
946 1845 1099 1933 ἀνέρρωσε
1113 1850 1305 1932 φιλανθρωπ

234 1952 346 2038 τέροις,
372 1952 512 2035 ἀθυμιάς
524 1957 648 2036 μακράς
660 1951 821 2034 έμβριθέσι
837 1948 958 2037 ῥοθίοις
971 1945 1247 2034 περιαντλοάμενον
1261 1974 1305 2035 φρ

237 2081 332 2139 νημα.
360 2054 377 2121 ὅ
396 2055 504 2140 γεμὴν
521 2053 668 2135 βασιλεδς
684 2053 738 2119 τδν
751 2050 859 2118 ένόντα
872 2055 924 2116 καί
940 2051 1034 2128 αάτδς
1050 2049 1305 2139 ἀντιφιλοτιμοάμ

236 2182 291 2233 νος
305 2155 423 2244 τρόπον
448 2154 591 2241 ἢμείβετό
613 2181 646 2222 τε
672 2158 723 2221 καί
753 2155 975 2247 δαψιλέστερον
1001 2156 1033 2233 έξ
1055 2146 1097 2220 ὧν
1117 2155 1305 2242 ε’πεφέρετολ

205 2257 439 2344 ῦθοκολλήτων
461 2265 577 2325 σκευῶν
597 2258 682 2348 αὐτῷ
707 2260 759 2323 καλ
782 2248 1013 2345 ἀργυρωμάτων
1035 2258 1263 2346 ἀντεχαρίζετο,
1293 2285 1305 2323 κ

140 2377 172 2433 V.
180 2379 232 2434 322
239 2360 306 2446 ἅμα
321 2364 375 2429 τὸν
391 2363 459 2428 υἱέα
472 2362 629 2447 Μανουὴλ
643 2362 839 2447 ἐπηγγέλλετο
854 2358 962 2429 δώσειν
978 2362 1025 2426 tut
1039 2364 1173 2448 θυγατρί
1186 2363 1305 2448 γαμβρέ

238 2469 265 2532 εί
279 2462 382 2531 πάντα
402 2462 571 2551 βοηθήσειε
585 2462 701 2553 τρόπον
717 2465 802 2556 αὐτῷ
827 2467 878 2531 καί
898 2464 938 2531 rel
954 2464 1033 2552 πρδς
1050 2465 1106 2530 τδν
1119 2461 1252 2551 Κράλην
1264 2472 1305 2532 Ee

236 2570 310 2653 βίας
336 2567 430 2636 niodo
452 2572 542 2654 θείη,
578 2569 764 2654 διαλλακτὴς
788 2568 884 2646 αὐτὸς
907 2565 1073 2645 καταστάς.
1108 2564 1181 2634 ὃδέ
1201 2566 1305 2656 παρόν

223 2670 395 2757 1θειόμενος
410 2673 470 2758 ἤδη
485 2677 540 2742 καί
561 2673 615 2740 τδν
638 2679 694 2739 τοῦ
709 2672 862 2755 βασιλέως
875 2671 961 2752 vids,
988 2672 1112 2756 καὶτῆς
1135 2696 1167 2737 τε
1184 2672 1305 2738 έπανθο

238 2784 353 2866 σηςτῷ
374 2777 446 2861 ἤθει
461 2773 590 2864 χάριτός
610 2778 711 2842 τεκαὶ
733 2772 929 2859 ἀστειότητος
954 2777 1006 2839 καί
1026 2771 1093 2857 άμα
1113 2780 1171 2859 τῆς
1185 2775 1305 2860 ἀγχινοί

210 2878 433 2962 Βθαυμάζων,
462 2878 509 2944 ότι
532 2883 638 2966 πολλῷ
657 2903 716 2943 τινι
734 2878 838 2966 μέτρῳ
855 2874 971 2961 ταάτην
993 2874 1160 2963 ε’πλοάτησε
1174 2887 1305 2963 πρεσβυι

238 3008 298 3067 ραν
318 2981 338 3065 ἢ
357 2981 438 3046 κατά
458 2980 516 3065 τὴν
537 2987 594 3065 τῆς
615 2977 734 3064 ἡλικίας
758 2980 876 3064 ἀκμὴν,
912 2979 1038 3071 σφόδρα
1063 3006 1096 3046 τε
1116 2977 1305 3067 ἀπερήσθη

239 3080 321 3172 λόγῳ
346 3078 398 3148 καλ
425 3080 512 3168 μάλα
533 3109 582 3150 τοι
614 3081 747 3166 ἀσμενος
773 3079 936 3167 δπεδέχετό
964 3086 1068 3150 τεκαὶ
1090 3084 1305 3170 ἀντεπηγγέλλι

239 3183 342 3253 πάντα
366 3185 446 3253 πάνυ
470 3184 644 3276 προθύμως
661 3183 808 3275 πράσσειν
831 3187 872 3253 τά
895 3186 975 3254 κατά
997 3185 1138 3274 γνάμην,
1165 3191 1217 3253 καί
1239 3192 1267 3254 εί
1281 3192 1305 3253 δ.

235 3351 292 3406 Deo
307 3358 390 3406 auum
410 3357 437 3406 et
455 3349 511 3422 spei
530 3351 646 3405 incertae
662 3367 723 3404 suas
742 3369 786 3405 res
804 3351 972 3409 committens.
1007 3352 1125 3406 Instabat
1141 3351 1207 3405 enirn
1223 3349 1262 3405 illi
1277 3371 1305 3405 or

237 3430 360 3491 exparte
380 3422 501 3492 frequens
518 3421 605 3474 vilium
620 3426 648 3474 et
660 3422 848 3474 rusticanorum
863 3422 989 3474 beluinum
1009 3420 1148 3486 colluvies,
1171 3423 1216 3492 qui
1236 3421 1304 3475 clam

237 3500 340 3559 aperte,
359 3492 419 3544 hinc
437 3498 516 3559 atque
533 3489 621 3553 illinc,
638 3489 746 3559 sparsim
761 3499 788 3543 et
802 3492 936 3544 confertim
951 3491 1149 3554 adoriebantur,
1166 3500 1194 3543 et
1205 3497 1305 3543 extrem

237 3561 317 3613 aciem
336 3561 445 3614 caedere
464 3577 496 3612 ac
515 3559 630 3611 sarcinas
652 3559 752 3628 adquas
773 3559 889 3629 diripere
917 3561 1084 3613 conabantur.
1128 3559 1231 3615 Etenim
1253 3578 1305 3630 gra*

238 3630 316 3683 multa
332 3630 375 3698 (ut
390 3629 432 3682 bis
449 3628 537 3682 verbis
551 3629 624 3696 uter)
642 3628 795 3683 audentibus
812 3635 960 3693 occurrunt,

497 3696 600 3750 Hostile
618 3696 640 3749 sl
658 3697 715 3766 quis
731 3698 759 3750 in
777 3698 858 3750 solum
875 3698 970 3750 inserat
987 3696 1085 3767 pedem.

234 3764 314 3833 (VI.)
336 3764 390 3818 sea
409 3765 555 3836 priusquam
575 3764 629 3819 diei
647 3765 721 3818 unius
739 3766 878 3820 iterasset
896 3768 1053 3830 consectum,
1076 3766 1202 3820 festinans
1222 3766 1305 3820 Liber

236 3834 338 3887 obviam
353 3834 391 3886 illi
407 3835 494 3900 venit,
511 3852 638 3904 meamque
654 3845 682 3888 et
699 3834 831 3890 voluntate
850 3845 878 3889 et
895 3837 963 3888 omui
977 3836 1063 3890 cordis
1081 3837 1178 3888 ellectu
1197 3836 1305 3889 salutati

237 3922 268 3956 ac
283 3903 375 3956 diebus
394 3903 494 3972 aliquot
509 3905 638 3957 coutinuis
651 3904 763 3974 hospitio
778 3914 930 3973 exceptum,
947 3906 1090 3969 recreavit,
1108 3912 1135 3958 et
1148 3906 1237 3957 verbis
1256 3907 1305 3957 hun

236 3972 352 4025 nioribus
365 3972 475 4026 animum
489 3973 546 4026 eius
560 3973 736 4038 confirmavit,
753 3974 866 4043 ingentis
880 3974 1070 4043 desperationis
1083 3973 1243 4042 gravissimis
1257 3974 1305 4027 flu<

237 4043 285 4093 bus
298 4058 457 4110 oppressum.
492 4045 528 4095 At
539 4042 677 4110 imperator
692 4061 715 4095 ru
752 4043 883 4096 niticentia
897 4053 924 4095 et
938 4045 995 4113 ipse
1012 4061 1068 4095 cum
1083 4051 1247 4105 coeamus,
1265 4043 1304 4095 ita

239 4117 356 4179 poterat,
374 4109 493 4179 perpuri
508 4112 653 4174 referebat,
679 4130 710 4164 ac
745 4120 904 4181 egemmatu
920 4112 1160 4181 illuargcnteaque
1181 4112 1305 4181 supellect

237 4196 314 4247 quum
332 4197 417 4233 secum
436 4180 572 4249 gestabat,
597 4180 695 4248 largius
717 4184 939 4234 remunerabatur.
973 4181 1044 4242 Quin
1060 4188 1087 4234 et
1105 4182 1184 4234 filium
1197 4183 1305 4234 suumll

237 4248 336 4300 uuelem
355 4249 473 4300 daturum
491 4248 571 4301 soilli
586 4267 708 4316 generum
721 4248 851 4319 pollicitus
864 4258 918 4313 est,
936 4249 959 4301 si
974 4250 1024 4302 sibi
1040 4250 1107 4303 omui
1122 4251 1196 4303 modo
1211 4268 1304 4303 succur

238 4324 293 4380 ret,
311 4322 338 4370 et
351 4317 446 4370 aditum
459 4318 492 4370 ad
505 4318 607 4370 Cralem
620 4319 730 4372 Servius
745 4319 872 4387 aperiret,
890 4335 921 4371 ac
935 4319 1136 4372 reconciliatoris
1152 4317 1238 4371 officio
1252 4322 1305 4388 sung

236 4393 316 4438 retur.
352 4386 404 4438 Hic
417 4403 479 4439 vero
491 4395 653 4456 praesentem
667 4387 717 4440 iam
734 4386 839 4441 intuens
853 4386 1015 4457 imperatoris
1031 4388 1127 4451 filium,
1143 4388 1305 4458 muriamque

236 4455 423 4519 urbanitatem,
441 4474 507 4525 quae
521 4457 548 4508 in
559 4456 628 4508 illius
641 4456 752 4509 moribus
767 4457 899 4520 elucebat,
917 4475 947 4508 ac
961 4457 1091 4510 solertiam
1107 4457 1182 4510 simul
1195 4458 1305 4511 adrnirnt

235 4541 287 4591 qua
301 4524 345 4575 ille
360 4525 475 4580 seniliori
494 4537 570 4594 quam
589 4542 637 4594 pro
653 4525 697 4576 illo
713 4527 807 4579 aetatis
827 4525 892 4578 tiore
910 4526 1106 4579 cumulatissime
1124 4527 1266 4579 instructus
1282 4548 1305 4580 er

233 4593 262 4646 id
276 4592 325 4656 sibi
342 4593 455 4664 promitti
471 4597 635 4647 vehementer
647 4594 751 4660 gavisus
765 4603 814 4657 est,
826 4612 858 4646 ec
871 4594 1046 4648 lubentissime
1061 4595 1201 4657 consensit,
1218 4596 1305 4649 vicisai

235 4681 287 4734 que
299 4681 342 4726 se,
359 4681 532 4736 quaecumque
544 4663 588 4719 itte
603 4663 775 4730 desideraret,
796 4681 892 4719 suuuua
908 4664 984 4720 auximi
1002 4665 1137 4720 uaeritate
1150 4664 1278 4721 factuam
1291 4685 1305 4738 p
