2722 4778
196 315 298 390 nte
569 321 931 427 aurornnouus.

282 472 353 564 Peg.
377 485 447 559 138,
468 487 520 550 21.
559 475 638 545 ’Idod
658 474 1075 565 γὰρκα1οίέκΓεννοτ1ας]
1098 479 1274 562 Pechymer.
1286 481 1330 546 idr-

196 571 233 634 V.
247 591 313 650 cup.
327 568 426 628 XXX.
466 587 599 628 cucuso.
1018 632 1021 633 ⁷

285 677 355 755 Peg.
379 674 451 749 184,
473 676 525 737 21.
573 674 635 733 Τοῦ
645 665 757 747 Ἱεροῦ]
778 667 893 726 Nomen
902 667 980 726 arcis
997 677 1045 726 est
1057 668 1206 728 ruinosae
1218 669 1249 728 in
1262 668 1330 727 Isis-

197 761 259 821 tieo
280 758 400 831 littore,
423 766 506 816 trans
528 756 711 835 Bosporum,
733 773 794 810 eron
816 752 983 831 proculab
1008 753 1089 811 ostio
1114 752 1205 813 Ponti
1226 754 1330 828 Euxini,

197 844 295 924 inquit
318 841 516 902 Leunclavins
531 840 565 900 in
583 837 777 899 Onomastico
793 837 893 916 priore
909 837 1059 896 Turcico:
1085 839 1124 897 de
1141 861 1205 918 quo
1225 840 1328 919 quidem

196 930 289 989 Hiero
310 929 411 986 multis
422 927 533 1004 egimus
544 930 574 985 in
590 927 667 984 notis
683 922 721 981 ed
734 923 907 982 Alexiadem
922 944 990 1004 pag.
1004 928 1081 989 361.
1102 945 1238 984 nocuo.
1266 925 1327 984 vite

196 1015 248 1075 lib.
265 1013 376 1074 XVIII.
392 1033 457 1092 cap.
471 1011 508 1074 11.
523 1021 595 1072 sect.
613 1016 641 1075 1.
672 1028 790 1069 uo1v1r.

284 1119 354 1196 Peg.
379 1120 451 1186 137,
471 1116 501 1178 4.
535 1117 584 1196 Τῷ
598 1107 735 1174 Σουλτὰν
751 1105 905 1196 Ἀζατίνῃ]
929 1109 1004 1169 Vide
1020 1101 1133 1171 seriem
1149 1110 1323 1170 Sultanoru

196 1201 394 1263 Iconiensium
410 1209 480 1280 post
495 1198 633 1258 Familiae
647 1196 834 1256 Dalmaticae.
876 1216 1005 1254 necnee.

284 1306 354 1383 Peg.
378 1306 448 1377 137,
473 1304 520 1366 13.
564 1294 622 1374 Εἷς
642 1297 675 1361 de'
690 1321 736 1372 τις
749 1291 906 1379 Ἀμούριος
924 1293 1044 1378 ὄνομα]
1069 1297 1172 1372 Quem
1193 1322 1210 1360 e
1230 1299 1322 1359 Meleon

96 1429 99 1437 τ
196 1388 319 1447 Sultano
333 1386 546 1446 iconiensiuna
562 1407 630 1444 cum
645 1383 714 1442 filiis
730 1382 837 1461 insigni
861 1381 987 1460 perfidia
1014 1391 1127 1462 postea
1151 1388 1321 1446 intersectum

194 1473 286 1533 fuisse
307 1481 409 1533 narrat
431 1469 689 1550 Pachymereslib.
702 1466 742 1527 X.
763 1490 828 1547 cap.
843 1467 940 1529 XXV.
964 1488 1001 1526 ex
1022 1469 1139 1546 quibus
1159 1489 1237 1530 unus
1256 1471 1320 1528 iistis
1358 1531 1359 1536 χ

193 1558 332 1635 nomine,
363 1556 464 1616 divine
486 1556 615 1635 quadarn
636 1553 825 1634 providentie
843 1561 998 1627 serratus,
1028 1555 1160 1615 collecte
1182 1557 1320 1616 Persarum
1358 1587 1359 1632 ,

194 1663 299 1720 manu,
322 1642 466 1701 Melecum
491 1642 607 1720 praelio
637 1640 762 1699 adortus
784 1637 865 1697 huuc
891 1637 1060 1710 interfecit,
1090 1641 1227 1720 indeque
1251 1651 1319 1700 eneti

192 1725 281 1803 Heli,
304 1727 433 1805 quitum
454 1724 566 1785 Amulii
582 1746 688 1784 nomen
712 1744 767 1784 suo
788 1723 913 1799 adiecit,
933 1723 1089 1803 potentie,
1118 1728 1266 1786 Romanus
1281 1746 1319 1785 re·

193 1813 295 1890 giones
306 1809 528 1870 incursionibus
545 1810 706 1870 infestavit.
749 1809 788 1868 Ut
803 1829 898 1888 porro
911 1809 936 1867 is
951 1809 1095 1888 perierit,
1120 1814 1248 1893 exponit
1260 1813 1319 1871 Ger·

192 1915 279 1974 goras
293 1897 325 1955 in
340 1896 433 1956 alters
447 1894 588 1955 Historia.
624 1895 684 1956 Iste
697 1903 796 1954 eutem
810 1893 914 1970 Amur,
934 1886 1156 1975 Ἇμοῦρπεκις,
1180 1899 1267 1957 unico
1279 1916 1317 1955 re

192 1981 321 2059 cabulo,
343 1981 453 2041 dicitur
472 1982 677 2040 Centacuzeno
690 1978 741 2040 lib.
756 1979 794 2039 11.
820 1999 886 2060 cap.
905 1979 1045 2037 XXVIII.
1076 1981 1115 2040 Id
1131 1995 1178 2042 est
1194 1981 1317 2042 Domine

191 2065 302 2128 Amur.
345 2067 400 2126 Est
416 2065 492 2126 enim
513 2064 577 2147 Beg
589 2065 696 2125 Turcis
712 2063 871 2141 Dominus,
897 2072 934 2122 ut
956 2073 1000 2122 est
1021 2065 1105 2144 epud
1124 2068 1317 2127 Leunctsrinu

191 2152 224 2210 in
243 2151 375 2212 secundo
394 2151 587 2212 Onomastico
600 2151 745 2223 Turcico,
767 2157 797 2208 et
818 2148 870 2212 lib.
889 2148 939 2209 IV.
960 2147 1040 2210 Hist.
1061 2150 1247 2213 Musutmsu.
1263 2169 1316 2234 pag.

192 2241 265 2303 196.
277 2237 328 2296 ubi
342 2236 483 2298 observat
497 2234 561 2317 Beg
578 2256 685 2295 nomen
700 2234 765 2293 deri
782 2235 877 2293 solere
892 2232 1030 2292 omnibus
1046 2236 1187 2298 officium
1207 2240 1254 2298 rel
1269 2256 1316 2296 me·

190 2342 248 2380 nus
260 2322 384 2402 aliquod
397 2343 414 2380 s
433 2341 502 2401 rege
516 2321 564 2380 vel
580 2322 703 2380 Sulteno
727 2320 905 2379 consecutis.
937 2319 1046 2378 Graeci
1060 2341 1138 2382 vero
1156 2322 1221 2408 uty
1234 2334 1261 2384 et
1272 2319 1315 2384 ut

189 2430 237 2488 yse
258 2406 380 2484 dicunt,
401 2408 452 2467 vel
477 2405 617 2487 Μττέγις,
639 2416 675 2466 ut
698 2405 729 2464 in
752 2404 850 2464 Gloss.
870 2403 947 2463 med.
967 2406 1102 2469 Graecit
1129 2409 1314 2469 observemus

188 2491 274 2550 Unde
292 2493 433 2552 discimus
448 2492 515 2571 quis
532 2491 557 2550 is
573 2491 612 2549 sit
625 2512 714 2569 quem
727 2490 911 2548 Froissertus
926 2488 979 2550 111.
1002 2490 1071 2550 Vol.
1093 2514 1164 2572 cap.
1185 2494 1276 2555 XXII.
1293 2500 1315 2552 et

186 2576 303 2637 XXIII.
320 2573 526 2637 Amornba'lrin
538 2586 638 2652 vocet,
661 2595 737 2655 quae
753 2595 813 2633 vox
827 2574 930 2634 effecta
942 2594 981 2634 ex
994 2576 1098 2636 Amor
1112 2577 1207 2660 Regis
1217 2581 1263 2641 rel
1273 2576 1315 2638 Be·

183 2660 247 2739 gin.
291 2660 351 2719 Sed
367 2682 404 2720 en
418 2660 519 2721 Amur
529 2661 601 2738 iste,
624 2662 711 2720 cuius
726 2660 859 2719 meminit
875 2660 1036 2737 Gregoras,
1061 2673 1093 2722 et
1108 2665 1313 2725 Contecuzeess

186 2743 254 2820 ioco
269 2745 404 2820 laudato,
427 2748 466 2804 sit
477 2747 530 2805 ille
546 2768 562 2805 a
577 2767 636 2826 quo
652 2747 828 2806 interiectus
841 2747 886 2804 est
905 2744 1051 2820 Melecus,
1077 2747 1207 2809 dubium
1224 2747 1312 2831 ingeri
1350 2776 1351 2779 ¹

185 2826 265 2889 idem
288 2832 528 2907 Cantacuzenus,
557 2833 609 2911 qui
626 2831 676 2893 lib.
698 2832 735 2892 11.
754 2852 821 2910 cap.
844 2830 957 2888 XXIX.
980 2839 1010 2890 et
1031 2832 1160 2897 litam.
1182 2858 1243 2916 cup.
1263 2833 1310 2894 vu
1340 2856 1342 2863 ⁵

185 2915 312 2976 eundem
331 2917 487 2976 Amurium
505 2917 611 2976 Aitinis
627 2916 726 2977 {oniae
749 2912 815 2996 (seu
831 2915 950 2991 Cariae,
973 2917 1019 2975 uti
1032 2915 1129 2978 habet
1145 2922 1199 2983 tib.
1213 2922 1247 2982 Ii.
1259 2940 1309 2998 erp.
1341 2970 1342 2973 ,

183 3000 281 3081 XIII.)
296 3004 437 3083 Satrapes
449 3001 542 3062 filium
558 3003 649 3062 fuisse
662 3004 712 3077 ait,
734 3000 921 3080 eundemque
938 3002 1137 3084 Satraperum
1157 3008 1242 3067 Asine
1253 3025 1309 3086 opu·
1339 3075 1341 3079 ἲ

182 3085 390 3152 lentissimum.
426 3085 557 3147 Aitinem
574 3097 728 3167 praeterea
742 3086 819 3146 duos
836 3086 910 3145 ulios
925 3084 1003 3144 filios
1020 3085 1178 3167 habuisse,
1205 3108 1307 3173 quom
1340 3087 1343 3162 ξ

183 3170 258 3230 alter
277 3169 390 3246 Chesir,
419 3171 495 3230 slter
513 3169 716 3233 Souleimnsaa
733 3171 909 3232 vocabatur.
953 3170 1073 3232 Amurii
1100 3196 1197 3255 porro
1223 3176 1305 3237 crebri
1339 3233 1340 3237 ,

51 3265 54 3270 ’
182 3254 292 3317 deiude
304 3256 416 3317 mentio
428 3255 511 3337 apud
524 3258 774 3319 Centacuzenurn.
815 3276 946 3315 nocane.

65 3445 71 3455 .
267 3361 340 3440 Peg.
366 3362 511 3438 137,17.
549 3351 912 3442 trecentenarium]
942 3356 1030 3418 Circe
1055 3381 1104 3420 en.
1131 3357 1303 3424 MCCIXXV·

180 3460 312 3503 onemo.

265 3547 341 3625 Peg·
366 3548 438 3621 188,
461 3549 491 3611 8.
534 3544 593 3619 Εἰς
613 3548 736 3607 ’πλεῖστα
758 3538 917 3625 τεμόντες]
953 3543 1036 3605 Hinc
1055 3546 1154 3625 igitur
1179 3548 1300 3611 exstit&

178 3625 349 3689 Turcorum
362 3628 561 3690 Iconiensium
577 3630 766 3709 principatu,
794 3649 863 3690 cum
879 3628 975 3690 eidem
990 3633 1109 3694 tuendo
1126 3645 1230 3696 contre
1241 3631 1300 3690 Im·

177 3719 262 3770 teres
277 3712 408 3792 impares
426 3725 540 3789 essent,
562 3716 671 3795 singuli
689 3734 727 3774 ex
743 3715 924 3795 primoribus
938 3717 1065 3795 Turcis,
1086 3732 1184 3800 prout
1203 3718 1298 3780 ntit-

177 3795 246 3870 fuir,
269 3798 383 3876 oppidu
399 3810 428 3860 et
444 3800 616 3880 provincias
631 3810 837 3881 pervaserunt,
861 3819 929 3859 cum
949 3801 1078 3862 Graecis
1088 3826 1186 3886 seque
1199 3800 1298 3865 seh·
1354 3866 1361 3875 y,

176 3881 251 3941 teris
275 3881 389 3943 bellum
414 3895 565 3963 gerentes,
596 3884 777 3964 tandemque
805 3884 910 3946 iisdem
936 3885 1074 3949 Tertaris
1098 3886 1295 3961 needed*
1314 3881 1318 3912 ³

174 3968 325 4047 pulsoque
346 3970 397 4030 vel
418 3981 501 4032 certe
526 3991 589 4029 non
610 3970 742 4030 admisso
763 3970 906 4047 Sultuuo,
929 3972 1098 4036 Turcicum
1116 3976 1310 4058 priseipu·

174 4053 342 4128 provinciis
355 4054 483 4115 invicem
503 4054 684 4136 dispertitis,
706 4055 814 4115 deinde
829 4055 910 4135 quod
928 4057 1058 4120 Romani
1070 4079 1127 4122 sen
1140 4056 1309 4123 (ὅπωστι.1
1347 4078 1351 4089 ’

173 4133 206 4193 in
222 4135 293 4196 Asia
319 4149 474 4220 supererat
493 4141 613 4221 imperii
634 4141 826 4216 invaserunt,
847 4140 980 4221 indeque
995 4144 1030 4205 in
1046 4145 1196 4230 Europen
1208 4139 1304 4205 adt-2

173 4229 261 4294 runt,
283 4221 319 4281 ab
334 4223 470 4304 ipsismet
484 4225 607 4286 Graecis
624 4225 855 4305 imperatoribus
868 4228 1006 4305 evocati,
1030 4230 1105 4294 dum
1118 4251 1204 4315 ⁰1³¹!
1213 4238 1287 4289 st*

171 4303 278 4366 xitium
293 4319 450 4387 quaerunt,
472 4330 532 4391 quo
545 4331 578 4375 ss
593 4310 738 4373 adversus
752 4312 928 4392 sussgentis
941 4312 1114 4401 principes,
1134 4307 1283 4399 atqu&
1299 4336 1304 4348 ⁴⁴
