2574 5114
101 333 271 404 NICEPH.
294 335 425 406 GREG.
449 276 763 408 fflsTJBanNT.
784 340 857 410 XV.
966 325 1042 405 745

47 509 58 543 ι
72 491 240 545 clandestinis
253 491 428 547 molitionibus
443 499 552 546 conatur
563 494 695 548 invadere.
728 493 888 561 Hyrcanum,
902 494 1044 565 Bitipniac

47 580 83 624 m,
100 579 225 630 gememus
238 563 361 615 adsumit.
390 565 468 614 Anna
480 580 578 631 quoquc
593 563 696 616 Persica
713 565 814 616 auritio
830 567 947 619 arcessit.
972 568 1043 620 Bar-

47 633 92 683 citi
111 633 226 699 praedas
242 638 336 700 agunt.
373 631 540 700 Captivorum
556 632 649 700 ingens
665 651 794 686 nummus.
828 635 935 687 Animus
948 635 1045 704 Augu-

47 717 93 752 rrus
110 708 137 753 ct
153 701 267 753 immitis.
309 701 404 754 Persas
431 702 563 753 Romanos
583 703 644 754 viae
667 703 747 753 socios
770 720 801 754 oc
817 704 896 756 duces
917 705 977 756 dori
993 705 1044 758 stat

55 770 195 837 postulunt.
231 770 370 822 Pacorum
388 769 658 838 contocsaenosacta
677 771 780 823 domum
797 773 915 826 redeunt.
948 774 1044 827 Deco-

47 840 85 906 qui
99 840 231 906 superiore
249 856 316 890 anno
334 847 495 907 apparuerat
511 839 566 906 (5).
604 840 709 892 Nobiles
728 841 819 893 Genua
836 843 937 907 exacti,
961 844 1045 896 ciassc

47 926 71 970 a,
89 907 181 959 Citium
196 909 333 975 improviso
350 909 513 961 adoriuntur.
541 907 600 960 ctis·
611 926 639 961 sc
653 916 678 961 et
693 909 796 962 moenia
812 925 861 962 sua
877 918 980 964 emenus
997 913 1045 965 dc·

47 984 57 1027 ⁸.
92 979 244 1029 Commenta
259 978 391 1028 interclusi
413 978 510 1031 dedunt
528 993 556 1029 sc
578 977 700 1034 tractibus.
736 979 809 1034 idem
827 986 851 1031 ct
870 981 1045 1034 Phocaeenser

67 1046 237 1098 Piaceoiatus
251 1047 431 1114 imperatorias
442 1049 559 1099 triremes
573 1055 668 1100 armat.
704 1047 779 1100 Duas
793 1048 946 1102 Latinorum
962 1067 1045 1104 naves

54 1116 188 1179 (inlaturi,
205 1132 239 1167 ca
254 1132 283 1167 rc
300 1116 408 1183 offensi,
426 1117 460 1167 ci
477 1115 628 1168 advehendo
642 1120 774 1181 frumento
796 1119 887 1170 statim
906 1121 1044 1173 abstinent.

47 1203 57 1235 ι
70 1187 146 1236 reiut
159 1186 221 1248 suis,
239 1184 349 1236 redeunt
365 1185 393 1236 in
407 1187 526 1253 gratiam
543 1202 600 1236 cum
613 1186 756 1251 Byzantiis.
793 1187 978 1240 Pieaceoiatum
994 1190 1045 1240 mi-

47 1263 109 1317 ent,
134 1255 180 1322 qui
196 1254 290 1306 idcirco
307 1256 445 1322 stipatores
463 1256 532 1307 circa
549 1271 576 1306 se
594 1255 690 1307 taam
706 1255 809 1338 cogitur
826 1257 879 1323 (6),
922 1261 1045 1325 Augusta

47 1325 125 1384 ttius,-
143 1324 323 1389 patriarciam
339 1324 471 1392 dignitate
487 1323 599 1390 spoliare
610 1325 718 1386 statuit,
736 1325 814 1392 idque
824 1324 1044 1392 per‘Paiamitan

47 1394 118 1443 issum
130 1393 239 1444 Tamum
252 1393 291 1444 iiii
304 1393 426 1454 infensos.
450 1392 589 1445 Paiamam
605 1393 759 1461 iampridem
777 1411 879 1447 carcere
894 1392 1046 1448 incluserat.

49 1479 73 1512 m
89 1462 121 1513 oi
138 1478 242 1513 causan
274 1461 375 1513 Eodem
392 1464 516 1514 adversus
531 1463 712 1530 patriarcham
729 1463 848 1516 adiutore
864 1465 955 1516 utitur.
981 1466 1045 1516 Mu-

47 1532 86 1583 idc
102 1531 177 1583 risve
192 1538 217 1584 ct
231 1531 399 1599 dogmaticae
412 1532 600 1584 altercationes.
639 1532 773 1601 Gregoras
782 1532 964 1600 patriarcham
976 1534 1046 1588 iuter

48 1618 113 1651 mam
131 1601 230 1652 arbiter
246 1601 407 1652 coustitutum
439 1601 529 1652 Novas
545 1600 676 1668 opiniones
693 1602 812 1654 damnat.
840 1605 989 1670 Arigaion
1002 1606 1045 1670 os-

66 1671 227 1721 Sententiam
250 1670 346 1736 scripto
369 1669 474 1721 tradere
496 1670 608 1722 tutetur.
648 1670 693 1722 Ea
710 1671 842 1722 occasione
859 1671 942 1737 duta,
966 1689 1045 1724 novos

47 1740 170 1804 cresciiit.
202 1739 325 1808 Gregorii
341 1738 504 1791 Narianzcni
520 1740 600 1791 veria
614 1740 734 1807 opponit:
751 1741 814 1791 item
826 1740 923 1793 Basilii
938 1740 1044 1810 Magni.

47 1826 74 1859 eo
86 1808 326 1874 reprehendendus,
344 1808 413 1875 quod
424 1809 558 1860 victoriam
571 1809 604 1860 dc
620 1810 779 1861 adversariis
794 1826 845 1861 non
861 1811 1043 1877 reportaverit.

47 1879 199 1929 :mutantiac
215 1884 241 1929 ct
251 1877 386 1945 religionis
402 1894 464 1947 ergo
481 1878 638 1934 laudandae.
673 1879 833 1931 &viaturos
844 1882 976 1945 sortasse,
993 1880 1045 1932 nisi

47 1965 133 1998 uenus
146 1946 302 2014 Byzantium
320 1947 420 1997 interca
437 1948 542 2014 repitent
561 1949 614 2016 (7).
650 1947 714 1999 Cum
726 1947 881 2000 Piraeeoiato
898 1952 966 2002 ciam
982 1950 1045 2018 agi·

50 2017 232 2067 introducendo
249 2016 277 2066 ιἰι
294 2015 382 2066 urbem
401 2017 590 2069 Carttacuzemv.
626 2015 816 2079 Picaccaiatus‚
841 2025 918 2069 aucto
935 2018 1046 2084 stipato-

47 2101 113 2136 orvm
131 2101 247 2147 numero,
266 2100 322 2136 rem
339 2086 515 2152 aggreditur:
545 2086 752 2137 Cantacusenum
769 2092 857 2154 urget.
892 2087 969 2137 Diam
985 2093 1046 2138 con-

47 2155 117 2206 Uriis
131 2161 222 2222 portas
238 2160 316 2205 noctu
331 2161 441 2205 reserat.
469 2154 645 2206 Cantuouscni
662 2155 810 2206 incruentus
827 2156 967 2223 ingrersus.
991 2154 1045 2205 Pa-

47 2227 140 2279 cciurus
157 2224 185 2273 ιἰι
200 2222 316 2291 marimo
333 2223 491 2276 divertatur.
532 2225 622 2275 Annus
639 2229 664 2276 ct
681 2225 737 2277 dics
754 2229 847 2290 captae
866 2223 899 2274 ai
917 2241 947 2275 co
964 2224 1045 2275 urbis.

48 2309 76 2356 a,
100 2292 210 2359 infirmis
231 2292 343 2352 vicitur,
363 2296 444 2358 saroa
461 2299 488 2344 et
504 2300 660 2343 contumax.-
688 2293 831 2343 Gaiataeos
847 2292 944 2343 auxilio
961 2298 1046 2346 vocat.

47 2361 112 2415 imas
119 2362 200 2430 pacis
213 2361 369 2412 conditiones
384 2367 503 2428 proterve
516 2362 623 2428 respuit.
648 2360 835 2412 Gaiatacorum
847 2362 965 2412 triremes
977 2359 1046 2412 duae

47 2449 70 2482 ιι
85 2431 111 2483 ei
125 2432 242 2483 veniunt.
276 2429 468 2496 depelluntur.v
495 2431 691 2482 Cantacusenus
707 2430 819 2482 aiteram
837 2437 864 2482 et
883 2429 989 2482 tertiam
1007 2431 1046 2481 ie-

47 2518 71 2551 m
87 2501 189 2552 mavuit
206 2500 323 2560 mittere,
346 2516 424 2566 quam
439 2499 493 2550 vim
505 2502 606 2565 sacere.
642 2499 752 2552 &scon
769 2500 861 2567 legat,
881 2499 926 2566 qui
943 2499 1044 2550 biennio

47 2570 128 2621 icum
145 2569 217 2621 missi
232 2575 365 2621 caumont.
399 2568 472 2621 iubet
482 2569 635 2631 meminisse,
652 2586 720 2637 quae
733 2575 788 2621 tum
797 2568 965 2634 praedixerit·
990 2567 1044 2620 Iac·

59 2639 157 2705 insecta
174 2638 290 2691 redeunt.
326 2631 501 2689 Cantacuneni
516 2638 584 2689 mira
600 2639 744 2692 clementia.
783 2638 896 2700 Miiitcs,
912 2637 1043 2701 rainucio,

47 2725 66 2759 ιι
86 2715 248 2777 oppugnant.
284 2706 445 2761 Maritimam
467 2715 570 2774 partem
593 2708 708 2774 capiunt.
743 2707 918 2759 devocantur.
951 2709 1044 2758 Annae

47 2795 65 2829 s.
101 2778 213 2845 tegorio
233 2776 353 2842 ruperia.
391 2776 540 2828 Ertremum
563 2776 706 2829 discrimen.
744 2775 838 2828 Pacem
862 2776 977 2828 oblatum
999 2775 1044 2841 vic

61 2848 156 2921 accipit
173 2847 227 2912 (8).
265 2845 413 2913 Quicunque
431 2845 458 2896 in
474 2847 576 2911 potatio
593 2846 673 2897 vincti
689 2846 852 2908 tenebantur,
870 2845 945 2896 iiieri
956 2861 1044 2897 omncs

47 2952 55 2982 ,
76 2918 129 2967 soto
146 2915 300 2982 patriarcha
317 2921 436 2982 excepto,
454 2916 526 2966 cuius
541 2931 583 2966 rec
600 2915 680 2966 aitiur
695 2921 855 2981 repetuntur.
890 2915 956 2965 Eius
971 2913 1044 2980 apud

60 2985 206 3037 auctoritas
221 2999 330 3036 mmmm.
366 2982 500 3047 Paiamm,
517 2984 547 3035 oi
564 3001 645 3036 nouus
661 2983 805 3051 opiniones,
823 3000 874 3034 non
891 2983 954 3050 quia
972 2985 1045 3034 Can·

47 3072 62 3105 o
77 3058 205 3119 faveret,
233 3054 262 3104 in
285 3054 388 3104 vincula
412 3054 545 3105 coniectus.
590 3053 624 3104 Ut
645 3054 797 3119 patriarcha
814 3054 964 3119 Augustam
980 3067 999 3101 a
1015 3067 1044 3120 cc

47 3124 100 3176 erit.
138 3123 171 3175 Ut
185 3123 251 3173 naec
267 3121 391 3173 adversus
408 3138 466 3173 eum
483 3139 541 3173 cum
560 3121 696 3174 Paiamitis
713 3121 875 3190 conspirarit.
911 3118 1045 3186 Episcopis

47 3193 138 3245 dicitur
153 3192 189 3242 ad
206 3191 389 3260 abrogandam
403 3192 573 3258 patriarchae
584 3191 749 3260 dignitatem.
783 3189 891 3242 interim
903 3192 980 3239 Anna
997 3204 1045 3239 ac·
1141 3232 1142 3240 ,

75 3261 242 3312 Convalescit.
278 3258 353 3311 Diem
372 3261 495 3328 episcopis
512 3278 613 3312 rursum
630 3261 728 3312 indicit.
764 3259 901 3317 Tabellas,
917 3274 966 3323 per
979 3274 1058 3324 quas¹

47 3332 201 3392 dirivantur,
220 3347 237 3380 a
252 3334 393 3396 consessore
410 3330 527 3392 oblatos,
544 3330 648 3397 rumpit.
683 3330 786 3396 Ipsum,
803 3327 945 3379 minacibus
961 3326 1046 3377 verbis

47 3418 92 3463 rm,
110 3400 185 3450 domo
197 3399 288 3466 erigit.
325 3399 479 3450 Patriarcira
497 3400 587 3450 absens
605 3406 628 3449 ct
646 3398 781 3450 inauditus
794 3398 942 3459 damnatur.
961 3398 1045 3461 Spao-

47 3486 106 3522 msa
122 3475 272 3533 sumptuosa
290 3474 315 3519 et
332 3468 478 3519 immodesti
494 3469 560 3519 risus
577 3468 713 3534 excipiunt.
752 3467 794 3517 iia
815 3467 872 3532 ipsa
895 3469 968 3515 nocte
989 3464 1045 3529 Bp·

47 3556 53 3590 r
70 3545 185 3602 captum.
224 3537 432 3598 contaminemus,
448 3553 482 3588 nc
496 3544 544 3588 aut
556 3538 647 3587 Annae
665 3536 780 3596 eoutkius
794 3536 848 3599 titio
865 3531 1045 3595 incommodet,

59 3607 137 3659 cedit.
173 3606 336 3656 Domiciiium
353 3607 403 3656 ciii
419 3606 549 3657 constituit
566 3606 635 3656 circa
654 3604 737 3656 diarii
753 3604 901 3654 triclinium.
935 3602 1046 3666 Qualem

47 3674 247 3744 {patriarcham
263 3676 381 3742 gesserit.
425 3674 495 3725 Eum
512 3674 666 3725 monasterio
680 3673 793 3741 primum
807 3671 917 3724 includit
922 3687 933 3731 ,·
950 3669 1046 3723 deindo

48 3746 145 3798 tioium
159 3745 275 3812 ablegat.
294 3744 338 3794 Ea
352 3744 439 3795 omnia
453 3744 585 3812 Gregoras
602 3743 662 3794 aliis
679 3742 800 3809 relinquit
818 3740 964 3792 accuratius
980 3755 1046 3790 nar-

67 3815 125 3882 tpu
143 3813 180 3865 ad
192 3813 351 3880 propositum
368 3813 437 3865 redit
455 3813 510 3881 (9).
547 3811 644 3876 Οιιίὺιιι
660 3811 760 3863 artibus
779 3810 924 3862 Patamitvc
941 3809 1046 3860 Annam

47 3885 282 3935 canonicarum
299 3883 348 3932 sict
365 3882 579 3950 mancipaverint.
613 3881 756 3943 Putamus,
778 3896 836 3930 cum
852 3896 880 3930 se
893 3879 978 3945 ipsum
994 3893 1047 3926 non

53 3950 235 4019 patriarcham
241 3952 308 4016 fecit
322 3951 455 4012 isidorum,
469 3951 661 4001 dionemiusiae
670 3951 813 4017 episcopum
826 3949 942 4000 eiectum.
960 3945 1046 3996 Huius

47 4023 157 4072 adamam
170 4022 273 4074 merita.
310 4021 431 4088 Episcopi
444 4020 560 4087 pictique
575 4019 755 4086 patriarchum
771 4033 865 4068 novum
878 4016 964 4065 iubent
977 4030 1046 4064 arra-

48 4106 112 4153 csse,
130 4090 202 4141 haud
219 4091 332 4156 impune.
374 4089 407 4140 Ut
423 4089 590 4155 undecunque
607 4087 635 4138 in
649 4087 759 4138 cundem
775 4088 809 4137 ab
821 4083 968 4136 orthodoxia
980 4083 1047 4134 scri-

47 4157 187 4225 iqncntivm
203 4160 277 4210 missi
294 4157 508 4210 anathematismi
521 4157 624 4222 fuerint
642 4155 716 4224 (10).
752 4156 946 4206 Cantacuzcnus
960 4158 986 4203 ct
997 4153 1048 4203 tu·-

47 4228 149 4278 nuiuum
169 4227 220 4279 ciii
241 4244 347 4295 operpm
372 4227 409 4278 ad
432 4243 543 4277 summos
569 4227 676 4277 donorcs
697 4223 875 4291 adipiscendos
896 4227 1044 4288 praestant.

47 4295 164 4348 mitorum
180 4298 366 4364 inauguratus.
405 4296 456 4348 Cur
474 4312 506 4347 ea
522 4311 564 4347 rec
580 4312 632 4346 uon
649 4295 677 4344 in
695 4293 724 4346 S.
740 4292 852 4358 Sophiae
869 4292 978 4357 tempto,
999 4287 1048 4340 scd

47 4361 186 4429 ithamari,
206 4367 338 4418 cekirata
354 4365 398 4417 sit.
436 4366 553 4417 Duorum
569 4365 753 4433 imporatorum
770 4369 796 4412 et
813 4363 894 4414 trium
912 4359 1052 4430 Augusta-

47 4442 172 4516 titutum
192 4454 307 4520 direptor.
329 4451 384 4505 rot.
406 4451 441 4502 ΙΙ.
801 4438 846 4505 48
