2640 5108
164 633 240 706 664
369 686 373 694 ·
471 641 704 711 ulcuPHOffl
726 640 965 712 GREGORAE

3 818 30 868 t.
43 817 76 868 Μ.
87 806 220 893 6851τὴν
235 813 299 873 τῶν
317 801 485 893 χρημάτων
503 806 642 893 ἀπειρίαν
664 812 770 873 κενοῦν
787 809 830 884 είς
850 803 975 894 πράξεις
988 802 1263 892 κακοπραμούσας,

34 885 85 938 Μ
98 886 208 1005 Ποδί
227 911 367 995 ἀπειρίαν
388 916 445 976 τοῦ
465 921 662 996 στρατηγεῖν·
688 912 756 992 ἐμοὶ
770 910 803 974 δ’
819 911 987 995 ἐμπειρίαις
999 901 1265 1000 συντεθραμμίνιρ

161 1024 377 1101 στρατηγικαῖς
391 1014 448 1095 τὴν
470 1020 532 1079 τῶν
538 1010 708 1100 χρημάτων
722 1013 838 1079 ἴνδειαν
852 1011 990 1100 πράξεων
1006 1013 1153 1099 εὐπορίαν
1168 1025 1264 1079 ποιεῖ-

161 1125 239 1183 σθαι
254 1122 400 1202 χρηστῶν
412 1117 463 1180 καὶ
478 1123 611 1183 πλοῦτον
626 1116 882 1203 κατορθωμάτων
895 1116 1024 1193 τδτίλος
1037 1119 1261 1184 ἓνδεάενυσθαι.

160 1218 278 1286 τούτων
294 1219 329 1284 δ’
350 1217 449 1294 οότως
472 1217 621 1309 ἐχόντων,
650 1220 758 1303 ἴψεται
776 1218 815 1306 δή
836 1243 885 1286 σοι
900 1219 1006 1285 λοιπὸν
1019 1218 1055 1285 τδ
1069 1226 1127 1285 τοῦ
1139 1217 1284 1301 perimi

160 1327 187 1390 εἷ
200 1325 257 1406 μὲν
272 1324 331 1408 γάρ
346 1322 464 1387 ἀπιδιδν
477 1323 554 1410 πρὸς
569 1324 604 1389 τδ
622 1329 678 1406 τῆς
692 1322 830 1407 δαπάνης
845 1321 998 1406 πολύχουν
1013 1322 1088 1405 μὲν,
1113 1320 1264 1406 ἀνόνητον

161 1428 210 1506 δὲ,
241 1429 291 1490 καί
306 1424 371 1508 άμα
387 1425 465 1512 πρὸς
478 1427 551 1502 τοδς
563 1423 707 1502 ἐπιόντας
724 1428 757 1491 ἔκ
773 1434 835 1493 τῶν
849 1427 990 1508 πολίμαίν
1003 1422 1181 1505 κινδύνους,
1201 1453 1264 1490 πα-

128 1532 332 1616 Βλινδρομεΐν
354 1529 412 1612 τὴν
432 1518 580 1613 ταχίστην
596 1520 773 1613 ἐθελήσειας
796 1532 827 1607 ἒς
844 1526 1015 1609 Βυζάντιον
1029 1527 1132 1594 οἷ’καδε
1141 1577 1152 1608 ,
1182 1552 1263 1611 συμ-

159 1631 259 1720 ψήφῳ
274 1631 318 1696 δι’
338 1629 509 1718 ἀπόγνωσιν
523 1630 694 1719 τῇἀνάμκη
711 1631 922 1718 χρησάμενος,
950 1630 1070 1719 μακρόν
1088 1633 1147 1713 μίν
1162 1629 1262 1720 ὀφλή-

159 1734 437 1821 σειςτδνγίλωτα·
465 1734 594 1822 αίοχρδν
613 1732 673 1822 γάρ
689 1761 783 1823 φασιν
793 1733 968 1822 Ὁμηρίδαι,

416 1853 512 1943 δηρόν
525 1881 556 1921 τε
571 1855 671 1938 μίνειν
697 1854 797 1922 κενεόν
810 1881 842 1922 τε
858 1857 992 1922 νίεσθαι.

160 1981 211 2044 καὶ
235 1972 314 2065 πρός
329 2001 362 2062 ys
383 1964 522 2064 ζημιώσῃ
544 1975 600 2053 τάς
619 1971 736 2057 πόλεις,
766 1975 803 2053 ἃς
823 1976 914 2042 ἀπιὼν
936 1972 1029 2050 αὐτὸς
1050 1973 1181 2058 ἀπονητὶ
1205 2002 1261 2040 κα·

160 2081 263 2159 etgar
287 2082 406 2158 ἐλπίζω.
435 2082 464 2165 εἰ,
482 2081 516 2144 δὲ
537 2077 573 2144 τὸ
595 2079 640 2162 μὴ
662 2076 811 2156 τοιούτοις
832 2077 1088 2166 περιπεπτωκίκαι
1110 2075 1262 2153 κινδύνοις

163 2181 242 2266 δμού
256 2184 307 2246 καί
326 2181 449 2246 ὀνείδεσι
460 2179 690 2270 φυλαττόμενος
704 2185 888 2270 παραμίνειν
903 2181 947 2247 ἔτι
964 2182 1176 2269 φιλονεικοίης,
1206 2180 1261 2247 ούκ

87 2278 91 2287 ’
129 2285 202 2351 Εάν
226 2281 362 2372 φθάνοις
377 2285 456 2368 μετὰ
483 2291 538 2351 τοῦ
561 2285 679 2370 η’ίλωτα
702 2283 806 2372 ipim
827 2284 948 2372 μακρόν
970 2285 1021 2349 καὶ
1045 2283 1102 2367 τὴν
1124 2283 1320 2370 κεηαλην1

161 2384 406 2474 ἀφαιρούμενος,
435 2391 489 2454 καίΙ
504 2388 613 2471 βιαίως
635 2387 733 2465 οὕτως
748 2389 939 2477 ἀποῤῥηγνδς
960 2387 1017 2472 τὴν
1028 2386 1152 2471 ψυχὴν,
1182 2387 1262 2450 ἒπει-

160 2492 219 2557 δάν
233 2497 426 2557 κυκλωθεΐσα
441 2488 461 2576 ἦ
482 2489 589 2572 πόλις,
619 2492 654 2557 τδ
669 2491 726 2557 σδν
741 2500 796 2558 νῦν
812 2488 999 2579 ὁρμητήριον
1005 2539 1016 2570 ,
1045 2488 1078 2554 ίκ
1092 2515 1123 2554 τε
1137 2496 1195 2574 γῆς
1211 2492 1262 2554 καί

158 2592 323 2678 θαλάττης
339 2595 418 2678 μετὰ
439 2602 561 2661 πολλῶν
585 2593 723 2672 ἐπιόντος
745 2598 820 2679 ἐμοῦ
840 2601 902 2661 τῶν
926 2590 1100 2676 δυνάμεων,
1136 2594 1186 2656 ἐπὶ
1207 2593 1262 2658 τόν

156 2698 258 2764 αἴτιον
274 2698 429 2786 τρίψηταί
445 2723 479 2764 σε
497 2699 554 2783 τὴν
572 2696 673 2784 ἀργήν.
701 2698 960 2781 Μεταπίμιμομαι
974 2697 1033 2784 γάρ
1056 2695 1092 2762 ού
1111 2697 1263 2761 Θετταλι-

157 2802 215 2886 κὴν
232 2798 329 2884 μόνον
346 2804 460 2882 ἵππον,
496 2805 546 2866 καλ
576 2799 636 2866 δσα
658 2803 773 2866 ἐκεῖθεν
798 2799 1012 2888 στρατόπεδα,
1048 2798 1127 2862 ἀλλά
1149 2806 1208 2864 σού
1229 2824 1284 2884 γει

126 2907 257 2970 λ’ἐίνεκα
273 2906 324 2968 καὶ
337 2903 497 2990 Περσικὰς
514 2906 547 2981 ἐξ
562 2903 666 2979 Ἀσίας
682 2901 834 2987 δυνάμεις.
862 2905 901 2970 οδ
923 2903 981 2990 γὰρ
1000 2903 1061 2988 ἤδη
1081 2902 1174 2968 τοῦτ’
1192 2904 1263 2966 irre-

157 3004 284 3094 πράχεις
298 3012 438 3092 πρῶτος,
466 3006 546 3072 καθ’
571 3003 738 3093 ὁμοφύλων
760 3006 805 3072 δι’
830 3008 882 3091 ἐμὲ
904 3004 1061 3094 Περσικὴν
1074 3001 1189 3082 ἐλάσας
1205 3002 1263 3070 δύ-

157 3136 260 3195 ναμιν.
287 3108 323 3175 τδ
346 3107 379 3175 δ’
404 3109 438 3175 ίκ
453 3116 515 3177 τῶν
537 3106 653 3194 ὁμοίων
665 3109 719 3177 τόν
734 3107 917 3196 ἀδικήσαντ’
940 3108 1132 3194 ἀμύνεσθαι,
1160 3111 1189 3174 εί
1204 3110 1263 3192 μὲν

156 3307 309 3362 infinitatem
323 3307 462 3362 exhaurias
474 3306 501 3360 in
515 3325 558 3361 res
571 3305 636 3360 msie
649 3324 781 3375 cessurus,
799 3311 907 3378 propter
925 3312 994 3362 tuum
1007 3308 1033 3361 in
1047 3325 1076 3360 re
1090 3306 1196 3361 militari
1214 3307 1265 3361 im-

156 3378 284 3449 peritiam.
320 3378 479 3442 Minimo,
496 3377 588 3445 inquo
606 3377 748 3446 imperandi
767 3396 829 3431 usus
848 3396 905 3432 curu
925 3386 1012 3432 setute
1031 3377 1162 3446 adolevit,
1181 3394 1265 3447 peco-

157 3448 257 3500 nisrum
271 3447 380 3517 penuria
396 3447 423 3499 in
439 3464 524 3499 rerum
542 3446 607 3498 bene
626 3448 793 3516 gerendarum
806 3448 1022 3518 opportunitatem
1036 3462 1140 3499 cessure
1155 3454 1213 3510 est,
1232 3465 1266 3500 eo

156 3518 290 3588 prosperis
304 3535 343 3570 me
359 3517 521 3569 successibus
539 3516 640 3568 tundens
657 3516 758 3569 ditabit.
794 3519 869 3580 Quae
883 3534 941 3570 cum
956 3518 993 3569 itu
1007 3516 1074 3578 sint,
1090 3521 1266 3585 consequetur

156 3586 274 3656 profecto
287 3586 359 3650 illud,
374 3585 443 3655 quod
457 3585 483 3637 iu
496 3585 583 3638 fabuiu
596 3592 644 3637 est.
679 3585 709 3638 Si
724 3587 789 3638 enim
801 3588 834 3640 od
848 3594 964 3658 sumptus
977 3587 1105 3657 profusos,
1120 3592 1148 3636 st
1160 3585 1267 3638 minime

158 3655 253 3718 utiles,
277 3655 401 3723 simulque
421 3653 454 3707 ed
468 3653 639 3723 impendentis
654 3671 685 3706 ex
703 3656 777 3708 bellis
796 3657 912 3725 pericula
928 3655 1089 3726 respexeris,
1107 3671 1193 3722 eoque
1207 3654 1265 3722 By·

157 3724 273 3776 santium
291 3722 389 3776 reverti
409 3740 484 3791 quum
504 3722 635 3776 celerrime
652 3724 777 3788 volueris,
794 3732 923 3778 auctorem
939 3743 1001 3796 prae
1022 3725 1202 3793 desperatione
1220 3743 1265 3776 se·

156 3798 254 3915 pputus
268 3792 455 3859 necessitatem,
472 3792 595 3846 maximus
608 3793 659 3846 erit
675 3793 708 3845 de
720 3801 748 3846 te
759 3793 840 3847 risus:
858 3803 936 3867 turpe
950 3794 1016 3849 euim
1033 3811 1090 3849 esse
1104 3794 1266 3849 Homeridso

175 3861 286 3928 stiunt,

468 3929 593 3985 mansisse
610 3929 655 3985 diu
668 3947 827 4002 uacuumque
844 3933 950 3988 reverti.

155 4035 194 4089 Ao
211 4038 347 4104 praetereo
364 4036 442 4088 urbes
457 4035 596 4089 amissurus
609 4053 652 4099 es,
678 4053 743 4104 quos
757 4053 806 4105 ego
821 4036 938 4089 obeundo
955 4037 1022 4090 nulio
1035 4040 1066 4091 ut
1079 4053 1157 4107 spero
1173 4036 1267 4094 labore

156 4113 279 4174 capturus
294 4121 358 4157 snm.
393 4105 422 4156 Si
436 4123 511 4168 vero,
530 4105 588 4156 dum
601 4121 678 4157 osves
692 4123 724 4157 ne
739 4106 765 4157 in
783 4105 826 4157 iiis
840 4105 956 4174 periculo
972 4107 1045 4159 simul
1060 4124 1090 4159 ue
1105 4106 1204 4176 probru
1221 4109 1267 4161 in·

155 4174 242 4237 eides,
260 4173 429 4242 pertinaciter
443 4175 526 4227 sdhuc
540 4174 680 4236 manseris;
697 4191 748 4226 non
763 4175 859 4243 poteris
874 4176 969 4243 insere,
986 4176 1048 4244 quin
1062 4183 1167 4245 praeter
1184 4177 1266 4231 risum

154 4243 189 4295 de
206 4251 234 4295 te
256 4243 360 4296 muitum
384 4244 471 4312 sopite
490 4244 568 4296 etium
592 4241 716 4312 plecteris
738 4244 897 4313 animmque
913 4244 951 4296 its
973 4244 1084 4297 violento
1102 4245 1157 4296 feto
1177 4247 1267 4300 effun-

155 4311 217 4375 δοες
234 4318 288 4365 turo
303 4311 424 4395 videlieet
439 4329 496 4365 curu
511 4313 670 4394 urbs‚ntuum
686 4329 753 4365 nouo
771 4313 929 4395 perfugium,
950 4314 1063 4396 undique
1082 4313 1266 4382 circumsesso,

152 4386 715 4512 initiamur§Sisttttttt
729 4382 1269 4524 {stetistiinstititutis?

152 4522 251 4582 tntum,
269 4525 297 4571 et
311 4518 437 4590 quidquid
453 4519 523 4573 illine
537 4519 667 4590 copiarum
684 4529 739 4583 est3
762 4521 808 4572 sed
827 4520 867 4572 tui
885 4520 986 4590 quidem
1002 4536 1081 4573 cause
1096 4527 1123 4572 et
1141 4521 1268 4577 Persicus

153 4601 186 4639 ex
205 4587 268 4639 Asis
283 4587 361 4642 vires.
395 4589 448 4642 Inus
467 4590 535 4642 euim
554 4598 583 4642 tu
603 4589 751 4642 commisisti
769 4591 797 4642 id
818 4589 931 4659 primus,
950 4589 995 4658 qui
1013 4589 1144 4643 Persicum
1163 4594 1268 4647 menum

151 4653 202 4710 mei
221 4658 342 4736 caussis
356 4658 429 4713 ciros
448 4658 584 4713 immisisti.
619 4657 742 4713 Iniurium
759 4666 844 4713 sunm
864 4657 941 4712 simili
960 4659 1031 4713 fruto
1051 4658 1159 4725 ulcisci,
1184 4663 1268 4734 eulps
