2574 5114
199 626 275 700 812
497 630 732 702 NICEPHORI
747 628 989 698 Guuuouau

29 808 65 857 Ἀ.
78 806 111 887 ll.
126 798 237 865 6855τί
247 794 323 864 ποτ’
345 793 384 863 do
407 791 515 878 λάβοις
538 794 632 871 odric
656 794 721 885 ἰδίη
749 792 827 880 πρὸς
848 791 994 877 εὐπορίαν
1014 791 1112 858 σοίτε
1126 792 1247 867 καὶτοῖς
1275 820 1284 876 ς

72 876 168 932 ladlb
203 901 283 986 ἀμφὶ
300 900 336 965 σὲ
355 897 568 986 στρατιώταις.
600 897 680 964 Ούτε
699 895 759 983 γάρ
784 895 855 961 άνευ
879 892 983 961 ὅπλων
1004 896 1054 959 καί
1078 902 1284 981 στρατιωτικοὶ

197 1000 362 1085 δυνάμεων
387 1002 520 1069 δυνατὸν
541 1002 701 1085 βασιλείαν
723 1000 949 1079 συνίστασθαι,
974 999 1025 1062 καί
1046 995 1184 1079 μάλιστα
1197 997 1284 1080 vird

201 1110 433 1191 νεωτερισμού.
451 1105 520 1172 ούττ
539 1099 708 1192 χρημάτων
733 1100 821 1182 ἄνευ,
846 1097 882 1166 τά
902 1125 934 1186 γε
959 1103 1061 1183 μεῖζον
1084 1103 1192 1180 εἰπεῖν,
1217 1098 1284 1165 ὅπλα

202 1211 255 1275 καί
273 1208 492 1295 στρατιωτικὰς
514 1208 592 1284 εἰκὸς
611 1206 815 1292 ἀθροίζεσθαι
837 1199 988 1286 δυνάμεις.
1023 1208 1219 1290 στρατιωτῶν
1234 1202 1284 1286 γὰρ

203 1310 276 1376 ι’ίνευ
299 1311 391 1376 dolose
413 1309 530 1398 μεγάλα
554 1312 605 1376 καὶ
627 1307 709 1374 καθ’
730 1303 825 1373 αύτὸν
843 1304 989 1390 ἰσχύοντα
1010 1304 1123 1382 πάντες
1148 1306 1226 1371 ἴσασι
1241 1304 1283 1370 τίν

102 1413 337 1501 Ρ,511χρυσὸν,
359 1416 410 1478 eorl
432 1412 533 1498 πάσης
555 1409 718 1486 ἑλεπόλεως
739 1413 839 1491 μείζω.
867 1412 939 1495 πρὶν
956 1408 1015 1495 γάρ
1042 1409 1212 1474 αἰσθέσθαι
1224 1406 1278 1480 τοίς

107 1519 140 1573 V.
150 1521 201 1578 413
209 1519 348 1596 πλείους,
373 1513 540 1604 εύρίσιιεται
555 1512 700 1590 πολλάκις
716 1513 830 1603 ήιμίίως
847 1512 1056 1598 προύτδομίνη
1070 1522 1136 1587 τοῖς
1150 1512 1278 1593 πολεμίας

203 1617 224 1704 ἦ
241 1617 329 1695 πόλις
348 1618 400 1685 διά
412 1617 538 1704 χρυσόν.
567 1615 663 1683 οἰσθα
681 1617 712 1680 d'
733 1608 772 1680 ού
795 1617 845 1681 καί
865 1613 937 1691 ὅσος
953 1617 986 1679 ἐκ
1008 1621 1070 1681 τῶν
1084 1613 1274 1701 στρατοπέδων

204 1733 270 1798 τοῖς
288 1721 413 1807 ἄγουσιν
431 1722 521 1807 ὄχλος
541 1720 620 1804 μετὰ
635 1717 782 1784 κινδύνων
796 1719 913 1799 ἕπεται,
937 1715 1013 1802 μήτε
1029 1719 1172 1800 πολίμαιν
1184 1711 1284 1803 πυράν-ἱ

203 1850 277 1906 των,
303 1823 381 1909 μήτε
395 1831 521 1907 μισθῶν
536 1823 702 1906 διελομίνοιν
717 1821 832 1898 αὐτοῖς.
860 1817 907 1897 οἷς
919 1821 978 1907 γάρ
994 1816 1154 1906 ὁρίζεσθαι
1165 1819 1215 1885 τὸν
1226 1819 1272 1900 βίον

204 1929 237 1993 ἰν
260 1933 305 2015 τῷ
321 1933 440 2010 μισθοῦ
462 1923 686 2012 στρατεύεσθαι
708 1923 820 2004 ίπεισι,
844 1921 965 2000 τούτοις
984 1922 1099 2009 ἀνάγκη
1114 1926 1165 1988 καί
1179 1919 1273 2000 τύνμίι

203 2028 337 2112 πόλεμον
353 2035 458 2118 πολλῷ
472 2036 527 2113 τῆς
540 2026 660 2116 εἰρήνης
674 2024 815 2112 ἡγεῖσθαι
827 2028 949 2110 βελτίω,
968 2026 1026 2111 τήν
1039 2025 1072 2091 d’
1088 2024 1206 2111 εἰρήνην
1219 2026 1273 2088 πολ·

171 2137 248 2220 Βλῷ
261 2128 474 2218 χαλεπώτερον
494 2139 549 2196 rori
571 2132 704 2214 πολίμου
722 2135 840 2217 χρῆμα.
868 2126 885 2196 ὅ
916 2131 971 2215 μὲν
1000 2128 1059 2216 γάρ
1085 2128 1215 2213 πόλεμος
1235 2122 1272 2190 oslr

202 2241 248 2322 τῷ
269 2240 376 2322 μισθῷ
401 2237 451 2299 καί
470 2236 575 2318 βιαίας
598 2231 738 2320 ἁρπαγῆς
758 2235 950 2298 καθίσταταί
963 2256 1069 2319 σφισιν
1093 2231 1203 2309 αἴτιος,
1229 2223 1284 2314 ίφ’ῖ

205 2327 249 2402 ὧν
264 2335 402 2423 ἀφθονία
418 2339 567 2425 τραπέζης
582 2335 725 2422 άμόχθου
739 2337 937 2422 προτίθεται·
958 2332 1060 2421 εἰρήνη
1076 2337 1112 2401 δὲ
1125 2331 1273 2401 τούιανιίοι

205 2438 347 2526 ἄφθονος
364 2444 414 2505 καλ
439 2447 501 2507 τῶν
523 2440 620 2507 ύντιον
642 2436 764 2522 δαπάνη
785 2441 983 2504 καθίσταται.
1012 2437 1051 2504 σύ
1070 2437 1104 2503 δ’
1120 2435 1274 2525 oppositu

204 2542 402 2629 ίστερημίιος
421 2545 452 2608 ἓν
477 2550 520 2633 τῷ
536 2542 647 2609 αύτίκα
667 2541 723 2609 οὐκ
748 2538 787 2607 riv
804 2538 939 2628 φθάνοις
954 2543 1092 2628 φθείρων
1107 2540 1243 2617 σεαυτὸν,
1260 2528 1273 2614 l

201 2649 358 2728 βασίλειον
381 2654 501 2735 σεαυτῷ
527 2643 776 2731 περιποιούμενος
798 2641 919 2730 κράτος.
941 2643 1003 2710 Ἢν
1025 2642 1273 2728 patripassianus

203 2754 281 2814 σθαι
307 2750 420 2835 θίλης,
446 2757 485 2834 τῇ
506 2755 625 2831 μᾶλλον
647 2747 666 2831 ή
687 2748 727 2811 σι)
747 2746 862 2813 σαυτὸν
880 2744 1026 2832 ποθούσῃ
1042 2749 1158 2833 μητρί,
1179 2736 1284 2828 {pettit

177 2849 249 2916 Cori
263 2848 484 2936 προσανάθου,
506 2850 608 2935 βραχύ
622 2851 811 2936 περιμείνας,
837 2850 895 2926 lior
909 2848 948 2915 ἂν
970 2851 1027 2934 τήν
1040 2852 1188 2934 ταχίστην
1201 2849 1229 2923 ίς
1238 2841 1273 2908 rit

202 2952 258 3019 σύν
281 2955 446 3019 ἐπανιοῦσα
468 2953 605 3039 πατίρα,
634 2951 689 3030 ξύν
710 2959 755 3040 τῷ
773 2951 904 3039 ’άφοβον
927 2949 1006 3018 εἶναί
1026 2977 1060 3017 σε
1067 3001 1078 3031 ,
1108 2955 1159 3016 ιιαί
1183 2949 1218 3015 τά
1236 2949 1274 3026 τῆς

76 3041 77 3052 l
131 3126 137 3142 η
202 3053 346 3140 εὐπορίας
355 3056 471 3120 ίιιεῖθεν
482 3057 514 3119 ἓν
525 3053 641 3141 μεγάλη
651 3080 699 3120 σοι
711 3051 885 3139 ποιήσωμαι
892 3055 1103 3145 προμηθείη.”
1119 3053 1184 3144 (Ε.)
1195 3042 1272 3117 Ταῦτ’

273 3168 315 3222 18.
332 3162 483 3235 osteor.
496 3184 598 3232 σεαυτ,
611 3158 639 3236 ἢ]
651 3168 755 3236 μᾶλλον
770 3166 939 3236 supplendum
953 3173 1003 3231 est,
1021 3168 1176 3222 observante
1184 3161 1273 3219 lloiriut·

202 3250 503 3323 relinqueaquoidoam
524 3271 569 3307 seo
598 3272 638 3307 um
655 3254 712 3324 ipse
728 3255 829 3307 tandem
849 3254 982 3307 habiturus
1002 3253 1054 3316 sis,
1074 3255 1143 3323 quod
1160 3262 1187 3307 et
1204 3249 1274 3305 tibio

201 3321 253 3374 tuis
270 3321 392 3376 militibus
411 3323 447 3376 sit
465 3323 538 3375 satis.
569 3271 632 3376 llec
644 3324 710 3376 enim
733 3323 788 3375 siue
809 3323 886 3375 armis
910 3323 1113 3392 militaribusque
1133 3321 1212 3393 copiis
1232 3331 1274 3371 mu·

201 3390 309 3444 stitusre
320 3392 452 3461 imperium
464 3392 511 3444 sibi
525 3392 659 3463 quisquam
672 3398 766 3463 potest,
777 3391 926 3460 praesertim
938 3392 962 3444 si
973 3392 1000 3444 id
1014 3409 1061 3460 per
1073 3410 1153 3445 noras
1166 3410 1207 3444 res
1218 3400 1275 3458 quit·

201 3468 259 3513 ret:
279 3477 341 3525 nec,
362 3462 429 3530 quod
443 3462 522 3513 maius
537 3470 591 3524 est,
607 3479 677 3515 srme
690 3462 863 3530 militaresque
881 3461 973 3529 copiae
989 3461 1111 3513 videntur
1125 3462 1209 3531 psrari
1223 3466 1275 3532 put?

201 3529 256 3581 aine
272 3528 390 3597 pecunia.
427 3531 509 3583 Nemo
523 3531 622 3583 scilicet
634 3532 682 3583 boo
694 3530 785 3592 nescit,
798 3531 880 3598 ipsum
893 3546 940 3598 per
953 3547 982 3583 se
994 3547 1082 3582 aurum
1094 3531 1173 3583 mults
1185 3529 1235 3581 siae
1244 3538 1276 3576 m·

141 3631 144 3638 -
200 3597 288 3649 litibus
303 3615 394 3666 posse,
411 3599 484 3651 immo
500 3599 619 3652 maiorem
632 3616 706 3668 quam
720 3605 873 3652 tormentum
884 3598 960 3651 ullam
973 3598 1069 3652 murale
1081 3599 1133 3652 vim
1148 3594 1275 3652 bsbcrrztl

199 3668 745 3805 tltltltslttutt‘pttlrtlttt‘
757 3665 1277 3806 ‘ullstltllltllttttttt

199 3802 371 3872 periculorum
386 3808 419 3857 ab
434 3806 589 3859 exercitibus
601 3805 728 3858 redundet
739 3776 768 3857 iu
781 3806 869 3868 duces,
886 3821 942 3856 oum
954 3773 1005 3890 p’ec
1019 3805 1111 3858 bellum
1127 3807 1231 3874 geritur,
1245 3811 1277 3880 οξ

200 3870 331 3940 stipendis
343 3874 529 3941 persolvmstur.
557 3875 625 3928 Nam
638 3875 682 3943 qui
697 3892 749 3927 rem
763 3875 940 3942 fortunamque
952 3891 1049 3927 omnem
1060 3875 1111 3927 sibi
1124 3875 1152 3928 iu
1164 3868 1277 3943 stipeolu·

200 3939 310 4007 positam
326 3958 383 3994 esse
399 3942 559 4012 intelligunt,
577 3960 622 3996 eos
637 3961 742 3996 necesse
762 3948 801 3995 est
818 3951 846 3995 et
861 3943 954 3995 bellum
972 3942 1050 3996 multe
1069 3944 1144 3996 melle
1163 3959 1234 4013 quam

200 4025 269 4072 cem,
287 4015 314 4060 et
327 4027 413 4078 paoem
428 4012 505 4064 multo
522 4029 596 4080 qoam
612 4011 705 4065 bellum
720 4012 832 4081 peiorem
847 4010 977 4064 arbitrari.
1010 4012 1046 4064 lis
1064 4012 1086 4064 si
1105 4013 1190 4066 uidem

199 4092 248 4128 non
263 4077 344 4130 solum
359 4079 502 4148 accipiendi
516 4080 648 4148 stipendii,
665 4081 712 4133 sed
724 4080 878 4201 epflpraedee
891 4098 937 4149 per
951 4080 1003 4133 vim
1017 4031 1135 4150 agendae
1148 4074 1278 4134 ocmofit

198 4145 267 4199 uude
281 4153 308 4197 et
323 4148 474 4216 parabilium
491 4149 620 4217 epularum
634 4150 711 4219 copia
725 4166 741 4201 s
773 4151 819 4201 uit.
854 4149 951 4202 Contrs
964 4167 1013 4218 pax
1026 4166 1112 4202 eorum
1126 4150 1216 4214 etism,
1231 4157 1280 4219 qut

198 4215 256 4285 quis
269 4223 345 4285 parta
358 4215 444 4276 lubet.
463 4217 554 4270 effusio
569 4218 693 4286 quaedam
704 4226 751 4271 est.
778 4220 822 4271 Tu
835 4235 898 4270 vero
911 4227 1020 4288 utreque
1030 4236 1070 4282 re,
1084 4219 1208 4274 militibus
1219 4227 1244 4272 ot

197 4284 272 4336 cunis
286 4284 400 4348 scilieet,
424 4287 511 4338 statim
531 4285 668 4340 destitutus
685 4289 771 4340 lacere
788 4303 838 4339 oon
858 4288 972 4356 poteris,
989 4287 1051 4356 quin
1069 4296 1095 4341 te
1108 4289 1193 4357 ipsum
1206 4230 1283 4360 pag

197 4353 300 4419 potius,
319 4371 393 4424 quam
407 4353 598 4424 imperatoriam
616 4356 664 4408 tibi
679 4356 856 4409 auctoritatem
874 4373 982 4415 asseram
1018 4356 1086 4409 Mihi
1098 4356 1181 4440 igitur
1196 4357 1284 4413 creden

198 4419 222 4470 si
236 4422 316 4502 vnclis,
334 4440 401 4491 quse
415 4430 443 4476 et
460 4431 627 4487 matonam,
646 4432 712 4478 ette
730 4424 811 4493 diligo
826 4425 923 4494 magis,
940 4442 1015 4495 quam
1034 4431 1092 4479 tute
1108 4443 1168 4496 rpse
1185 4435 1228 4493 te,
1244 4435 1284 4482 tut

137 4496 138 4508 ¹
197 4488 259 4540 mira
275 4506 317 4542 res
334 4492 499 4552 committito,
516 4493 698 4562 paulisperque
716 4503 839 4563 exspecta
857 4495 941 4564 quoad
959 4493 1092 4549 celerrime
1106 4498 1149 4550 xssd
1170 4507 1284 4568 pereussa

197 4564 269 4608 tuum
288 4575 405 4624 reverse,
423 4570 451 4614 et
463 4569 492 4613 ut
508 4580 615 4615 securus
632 4563 669 4615 sis
687 4563 813 4624 efficiam,
838 4572 865 4616 et
885 4571 914 4615 ut
934 4564 1071 4632 opulentus
1091 4567 1193 4620 evadas
1211 4584 1284 4621 summ

197 4624 290 4679 deinde
304 4644 364 4683 cura
379 4630 552 4699 providesm.”
586 4631 649 4699 (V.)
667 4631 739 4686 llaec
758 4633 864 4703 loquuta
874 4632 1022 4705 imperatrix
1036 4631 1113 4691 lreus
1131 4636 1284 4694 minuati
