2722 4778
182 314 284 388 1170
567 291 929 385 iunornnouns

267 475 339 561 Peg.
359 477 412 552 94,
433 479 485 543 us.
526 474 723 537 Elusateisoo
748 470 874 552 τοίνυν]
923 472 1037 533 Coacta
1067 471 1189 554 synoda
1222 470 1324 551 aliquot

184 564 394 645 episcoporum
418 561 678 639 Constantinopoli
690 561 722 618 ia
739 557 883 619 Alexiaco
897 559 1044 620 triclinio.
1090 557 1268 637 Pachyauer.
1282 557 1322 619 lib

182 650 234 712 lv.
248 670 313 724 cap.
327 644 379 707 IV.
400 645 437 708 V.
452 645 503 706 VI.
515 645 580 707 VII.
595 645 674 708 VIII.
689 644 743 706 lX.
757 646 795 708 X.
837 665 968 704 nucero.

268 733 341 814 Peg·
363 730 414 808 95,
436 735 466 796 9.
510 726 682 814 Γερμανδς]
716 728 893 809 Pochyruer.
917 731 972 792 lib.
993 727 1046 789 III.
1067 749 1138 809 esp.
1164 727 1236 791 xlt
1253 725 1321 787 xut

182 839 314 881 necaro.

269 908 341 984 Pog.
354 902 406 978 95,
421 906 473 966 20.
514 893 662 982 Ἰκάριος]
687 897 863 980 Pachymer.
879 898 933 958 lib.
948 896 988 961 V.
1006 918 1078 978 cap.
1093 899 1226 958 XXVII.
1248 897 1320 957 Istius

182 1009 278 1070 porro
306 988 391 1046 lcsrii
411 985 608 1047 delectionem
631 986 771 1065 pluribus
795 984 1007 1064 descripsimus
1029 985 1064 1042 iu
1086 983 1170 1045 Hiat.
1199 985 1319 1043 Franco-

182 1075 310 1154 Byzant.
322 1072 374 1130 lib.
391 1072 426 1133 V.
441 1093 470 1132 n.
485 1070 576 1133 XLV.
592 1079 622 1132 et
637 1071 742 1131 XLVI.
767 1070 817 1129 ubi
834 1071 920 1130 illum
935 1070 1027 1129 luisse
1048 1089 1088 1129 ex
1113 1068 1317 1131 Zachariam

183 1178 236 1218 seu
254 1155 457 1241 loqueriupam
477 1156 589 1215 familis
612 1157 762 1215 Genuensi
778 1156 950 1230 docuimus,
975 1173 1088 1232 exque
1107 1154 1190 1214 alter
1209 1152 1315 1212 Bruedi·

187 1253 254 1302 ctus
268 1240 445 1315 Zacharias,
470 1263 506 1301 ac
521 1242 602 1301 illius
619 1241 695 1301 sorte
711 1241 805 1315 lilius,
824 1239 930 1300 Chium
944 1240 1073 1299 insulem
1091 1239 1222 1299 Graecis
1236 1240 1313 1297 abstu-

182 1328 219 1388 lit
238 1328 294 1387 sub
319 1348 365 1386 au.
382 1326 537 1388 hICCClV.
581 1325 650 1387 Vid.
668 1327 770 1386 eadem
785 1326 863 1388 ttiot.
878 1325 931 1387 lib.
945 1325 996 1384 VI.
1009 1345 1040 1383 n.
1061 1325 1164 1384 XXV.
1206 1341 1313 1382 norma.

267 1410 343 1492 Peg.
364 1414 416 1486 96,
439 1419 490 1478 21.
538 1415 600 1474 Τοῦ
619 1416 674 1493 τῆς
689 1405 825 1493 Εὖβοίας
842 1408 1045 1491 κρατοῦντος]
1069 1408 1229 1490 Interpres
1244 1407 1313 1468 Pm-

182 1511 275 1558 sorem
291 1505 440 1558 verterat:
466 1496 645 1576 Principem,
664 1497 896 1557 emendavimus.
936 1495 1090 1555 Incertum
1110 1505 1213 1554 sutem
1224 1539 1232 1570 ,
1250 1491 1312 1571 quod

181 1602 256 1641 mox
266 1580 388 1655 subdit,
410 1602 447 1641 an
462 1582 581 1640 Euboea
602 1582 797 1661 Reipublicae
812 1582 944 1641 Venetae
959 1601 993 1639 eu
1008 1588 1194 1659 tempestate
1209 1577 1312 1660 pruriu-

183 1666 230 1726 cia
254 1667 417 1734 exstiterit,
440 1686 509 1725 cum
528 1688 544 1725 a
565 1666 662 1725 tribus
686 1666 811 1727 diuersis
825 1665 1013 1746 principibus
1034 1674 1101 1723 tum
1119 1665 1311 1744 possideretur,
1343 1718 1344 1721 ,

182 1771 222 1810 ex
234 1750 354 1809 familiis
373 1749 465 1813 Dolle
483 1747 602 1811 Carceri
614 1751 793 1828 Veronensi,
824 1750 856 1812 di
873 1747 960 1810 Ghisi
974 1751 1107 1827 Veneta,
1131 1761 1163 1811 et
1180 1746 1310 1808 helan·

183 1836 351 1911 Genuensi,
376 1855 415 1895 ex
438 1857 495 1915 qua
518 1844 665 1914 postrema
692 1849 755 1899 erat
778 1838 899 1910 Icarus,
923 1834 996 1915 qui,
1019 1844 1055 1895 ut
1077 1836 1189 1897 scribit
1209 1831 1309 1909 Pachy-

180 1941 278 1980 nueres
295 1920 326 1982 d.
345 1940 412 2001 cop.
427 1920 554 1980 XXVII.
564 1942 601 1980 ex
612 1922 698 1982 istius
711 1923 825 1982 insulse
837 1921 962 1981 domimo
978 1930 1054 1996 erut,
1080 1930 1192 2002 utque,
1210 1929 1239 1977 ut
1253 1936 1308 1974 sero

183 2006 342 2078 estsimile‚
353 2028 369 2064 a
380 2008 499 2066 dnobus
508 2007 574 2066 eliis
582 2008 770 2086 principibus
780 2008 938 2081 desereret,
953 2017 1019 2065 orta
1027 2007 1163 2065 invicem
1171 2004 1307 2063 simaltuts

181 2091 294 2150 Scribit
305 2092 436 2152 Andreas
451 2092 647 2152 Dandulusiu
664 2093 768 2153 chron.
785 2094 838 2152 ills.
849 2093 903 2152 sub
921 2112 968 2154 an.
984 2084 1306 2151 nocumentum.

181 2177 363 2236 Guilelmum
386 2176 648 2255 VillbarduInunu,
670 2181 721 2258 qui
741 2179 891 2237 Gaulredo
907 2176 994 2236 sratri
1017 2179 1140 2235 llloreae
1157 2185 1187 2236 et
1202 2171 1307 2233 Achaico
1340 2183 1341 2186 ’

179 2262 313 2342 principi
336 2273 539 2337 successerat,
575 2264 614 2322 od
646 2285 677 2323 se
709 2266 842 2326 evocetis
861 2264 986 2323 Nurioto
1016 2259 1112 2321 Dulle
1135 2258 1266 2334 Carmei,
1287 2268 1306 2314 rt

181 2348 331 2413 Guilelmo
350 2348 532 2424 Veronensi,
560 2349 698 2408 Euboeae
717 2350 832 2409 insulae
854 2347 1061 2430 principibus,
1085 2347 1185 2426 iisque
1207 2346 1237 2404 iu
1256 2362 1306 2402 cur·

180 2452 279 2492 cerem
292 2434 453 2508 coniectis,
476 2435 507 2493 in
525 2434 649 2494 eundern
670 2435 797 2494 insulam
815 2454 882 2493 cum
898 2433 994 2511 copiis
1011 2431 1173 2512 irrupisse,
1194 2430 1306 2505 hancque

179 2538 387 2597 expugnasse,
410 2540 448 2579 cx
464 2541 496 2579 ea
518 2521 605 2598 pulso
620 2519 713 2578 Paulo
733 2520 900 2599 Gradenigc
915 2518 1102 2579 Venetorum
1121 2516 1243 2575 baiolo:
1264 2513 1305 2570 Ve-

178 2612 265 2662 netos
280 2623 368 2677 vero,
391 2605 481 2665 misso
500 2606 600 2663 Marco
618 2605 788 2683 Gradeuigo
804 2625 872 2664 cum
895 2603 956 2666 VII.
971 2603 1168 2678 triremibus,
1191 2604 1222 2661 in
1242 2597 1306 2658 auxi

178 2687 817 2770 liumascitisvicinispriucipibus,insulam
827 2688 1100 2768 denuorecepisse.
1115 2688 1177 2746 Sed
1185 2697 1215 2747 et
1223 2707 1256 2745 es
1265 2685 1304 2743 n-

178 2770 268 2833 ctho
283 2774 422 2834 Gamerae
437 2785 646 2856 computorum
662 2777 819 2835 Porisiensi
834 2777 997 2845 docemur,
1020 2794 1102 2833 anno
1120 2766 1304 2832 MCCCXIII·

177 2856 255 2916 duos
267 2869 426 2933 magnates,
451 2881 578 2938 quorum
596 2859 713 2922 slteuP.
732 2859 820 2922 DuIIe
837 2858 965 2937 Carceri,
988 2858 1304 2919 altsrBartholomaest
1336 2893 1344 2924 a,

178 2941 263 3002 Ghisi
276 2943 386 3003 nobilis
402 2946 534 3005 Venetus
551 2947 736 3023 vocabatur,
757 2947 810 3005 isti
824 2946 939 3005 insulae
956 2956 1018 3004 tum
1034 2943 1068 3003 in
1085 2945 1217 3003 solidum
1231 2943 1304 3018 impe
1339 2939 1342 2943 ’

180 3048 281 3103 resse,
305 3050 342 3088 uc
363 3030 481 3091 Morcus
499 3032 629 3111 principi
652 3033 740 3092 Iidem
764 3043 794 3092 et
817 3031 986 3091 clientelam
1007 3030 1209 3110 praestitisse.
1248 3022 1304 3084 Vult

175 3115 303 3174 eundem
323 3115 1046 3181 nandulumaaautcctxtxetulccuxxtt.
1069 3116 1184 3175 Sabelli
1262 3117 1301 3169 stt
1360 3128 1361 3131 ’

174 3204 306 3260 ausano.
1184 3195 1206 3239 9
1235 3201 1256 3227 *³

259 3289 335 3367 Peg.
359 3289 411 3360 96,
433 3290 484 3351 22.
533 3284 593 3351 Τόν
611 3285 667 3368 μὲν
688 3281 821 3372 οἷρχηγὸν
838 3291 893 3365 τῆς
910 3278 1069 3366 Εὖβοίας]
1093 3285 1226 3361 Aliter-fl

176 3389 291 3444 meres,
314 3374 365 3451 qui
379 3392 439 3431 non
459 3371 596 3433 Euboeae
616 3375 803 3454 principem,
826 3374 880 3432 sed
902 3373 1042 3432 loannem
1064 3371 1181 3453 Μέγαν
1199 3362 1301 3447 tto'm
1329 3435 1331 3451 Ἰ,

175 3472 229 3512 seu
246 3457 289 3514 ati
304 3456 399 3516 nostri
416 3459 566 3519 vocabant
581 3457 626 3518 Le
643 3456 749 3520 Grunoi
771 3458 855 3533 Sire,
883 3466 1003 3537 captum
1028 3466 1060 3516 et
1077 3456 1256 3527 adductum,
1274 3465 1301 3507 κ
1327 3522 1328 3525 ¹

173 3537 283 3599 deinde
310 3543 468 3603 remissum
489 3546 590 3605 statim
614 3545 796 3617 decessisse,
828 3543 916 3622 eique
934 3542 1120 3602 successisse
1145 3539 1300 3601 Guilelm
1326 3556 1327 3580 ³

171 3622 253 3681 illius
273 3627 397 3686 fratrem
423 3635 571 3710 Magnum
590 3629 749 3690 Dominam
770 3628 884 3690 scribit.
919 3627 979 3701 Qui
1002 3615 1300 3709 porropiyursisttt
1357 3645 1359 3647 ’

172 3707 209 3765 ab
232 3729 266 3767 eo
298 3723 505 3791 nuncupatur,
528 3736 587 3774 non
610 3715 688 3773 alius
716 3724 761 3774 est
784 3713 820 3771 ab
843 3712 1017 3773 Atheniensi
1042 3715 1151 3787 Duce,
1173 3713 1298 3771 itas*
1321 3771 1322 3775 ,
1348 3712 1359 3757 l

170 3793 242 3852 stn's
266 3798 437 3877 appellato,
465 3802 546 3878 quod
568 3801 631 3860 eius
656 3799 731 3860 ditio
754 3800 871 3874 longius
897 3797 1028 3857 caeteris
1049 3799 1082 3857 ln
1105 3796 1296 3872 enemy*
1319 3854 1320 3857 ,
1345 3777 1355 3842 I

170 3879 361 3947 tendereturr
379 3893 511 3965 uterque
526 3906 598 3945 vero
614 3886 772 3949 exfornilin
792 3881 829 3941 de
841 3881 873 3942 lo
886 3878 993 3943 Raude
1007 3883 1138 3945 exstitit.
1181 3869 1294 3942 raath
1314 3932 1315 3936 ,
1360 3908 1361 3911 “

168 3967 291 4025 utorium
308 3968 579 4050 Franco-Byzant.
597 3972 649 4031 lib.
667 3971 703 4039 V,
721 3991 749 4030 n.
766 3969 882 4031 XLVII.
925 3989 1065 4031 nocane.
1345 3985 1353 3998 ‘⁴

253 4051 329 4135 Peg·
353 4059 406 4129 97,
428 4061 459 4121 9.
505 4060 615 4118 ilienses
645 4053 764 4135 nonoris,-
794 4047 844 4116 ἐπ’
865 4046 1023 4129 ἐδάφους]
1059 4053 1142 4113 blera
1168 4045 1303 4113 tetulo
1345 4123 1347 4129 Ι

167 4134 286 4196 Ioannis
301 4140 400 4199 subite
418 4141 450 4200 in
464 4141 657 4223 imperatoris
673 4150 839 4220 conspectu
854 4149 971 4218 morte,
994 4158 1034 4199 ex
1048 4141 1088 4199 iia
1100 4158 1204 4220 quus
1341 4152 1361 4169 ⁴·

166 4227 247 4279 tura
265 4225 447 4304 l'acbymere
461 4223 512 4288 lib.
528 4227 561 4290 V.
576 4247 644 4307 cap.
662 4228 787 4287 XXVII.
829 4240 962 4284 nummu.
1276 4211 1283 4229 ³
1334 4195 1343 4253 9

250 4307 471 4394 Pag.97,10.
516 4308 606 4376 Merui
625 4309 746 4395 μέντοι]
769 4309 896 4372 Utl’era
918 4287 1286 4375 neocesareensi*
1337 4316 1341 4325 '
