<?xml version="1.0" encoding="UTF-8"?>
<!DOCTYPE html PUBLIC "-//W3C//DTD XHTML 1.0 Transitional//EN"
    "http://www.w3.org/TR/xhtml1/DTD/xhtml1-transitional.dtd">
<html xmlns="http://www.w3.org/1999/xhtml" xml:lang="en" lang="en">
 <head>
  <title>
</title>
<meta http-equiv="Content-Type" content="text/html;charset=utf-8" />
  <meta name='ocr-system' content='tesseract 3.04.00' />
  <meta name='ocr-capabilities' content='ocr_page ocr_carea ocr_par ocr_line ocrx_word'/>
</head>
<body>
  <div class='ocr_page' id='page_1' title='image "./nicephorigregor02schogoog_0727.png"; bbox 0 0 2768 4748; ppageno 0'>
   <div class='ocr_carea' id='block_1_1' title="bbox 193 217 956 350">
    <p class='ocr_par' dir='ltr' id='par_1_1' title="bbox 193 217 956 350">
     <span class='ocr_line' id='line_1_1' title="bbox 193 217 956 350; baseline -0.01 -2"><span class='ocrx_word' id='word_1_1' title='bbox 193 274 294 350; x_wconf 80' lang='lat' dir='ltr'><strong>seeo</strong></span> <span class='ocrx_word' id='word_1_2' title='bbox 598 217 956 345; x_wconf 80' lang='lat' dir='ltr'><strong>annomnonrs.</strong></span> 
     </span>
    </p>
   </div>
   <div class='ocr_carea' id='block_1_2' title="bbox 194 420 1323 608">
    <p class='ocr_par' dir='ltr' id='par_1_2' title="bbox 194 420 1323 608">
     <span class='ocr_line' id='line_1_2' title="bbox 278 420 1320 518; baseline -0.015 -19"><span class='ocrx_word' id='word_1_3' title='bbox 278 434 355 518; x_wconf 75' lang='lat' dir='ltr'><strong>Peg.</strong></span> <span class='ocrx_word' id='word_1_4' title='bbox 377 431 456 511; x_wconf 76' lang='lat'><strong>926,</strong></span> <span class='ocrx_word' id='word_1_5' title='bbox 477 436 528 501; x_wconf 81' lang='lat'><strong>12.</strong></span> <span class='ocrx_word' id='word_1_6' title='bbox 558 426 766 496; x_wconf 16' lang='lat' dir='ltr'><strong>zmtvnssstv</strong></span> <span class='ocrx_word' id='word_1_7' title='bbox 784 420 998 507; x_wconf 77' lang='lat' dir='ltr'><strong>Nuumsuuds]</strong></span> <span class='ocrx_word' id='word_1_8' title='bbox 1021 425 1070 487; x_wconf 90' lang='lat' dir='ltr'><strong>Ita</strong></span> <span class='ocrx_word' id='word_1_9' title='bbox 1089 423 1202 487; x_wconf 86' lang='lat' dir='ltr'><strong>Graeci</strong></span> <span class='ocrx_word' id='word_1_10' title='bbox 1215 422 1320 506; x_wconf 72' lang='lat' dir='ltr'><strong>panim,</strong></span> 
     </span>
     <span class='ocr_line' id='line_1_3' title="bbox 194 511 1323 608; baseline -0.014 -23"><span class='ocrx_word' id='word_1_11' title='bbox 194 545 252 608; x_wconf 92' lang='lat' dir='ltr'><strong>pro</strong></span> <span class='ocrx_word' id='word_1_12' title='bbox 267 512 467 587; x_wconf 74' lang='lat' dir='ltr'><strong>Noummusiu.</strong></span> <span class='ocrx_word' id='word_1_13' title='bbox 495 521 539 579; x_wconf 90' lang='lat' dir='ltr'><strong>Do</strong></span> <span class='ocrx_word' id='word_1_14' title='bbox 557 519 615 578; x_wconf 90' lang='lat' dir='ltr'><strong>isto</strong></span> <span class='ocrx_word' id='word_1_15' title='bbox 633 517 763 577; x_wconf 85' lang='lat' dir='ltr'><strong>Sisinnio</strong></span> <span class='ocrx_word' id='word_1_16' title='bbox 779 513 952 574; x_wconf 75' lang='lat' dir='ltr'><strong>ludovicus</strong></span> <span class='ocrx_word' id='word_1_17' title='bbox 967 513 1141 589; x_wconf 75' lang='lat' dir='ltr'><strong>Targnius,</strong></span> <span class='ocrx_word' id='word_1_18' title='bbox 1162 511 1217 571; x_wconf 80' lang='lat' dir='ltr'><strong>vir</strong></span> <span class='ocrx_word' id='word_1_19' title='bbox 1240 530 1323 570; x_wconf 79' lang='lat' dir='ltr'><strong>sacre-</strong></span> 
     </span>
    </p>
   </div>
   <div class='ocr_carea' id='block_1_3' title="bbox 193 595 1342 4348">
    <p class='ocr_par' dir='ltr' id='par_1_3' title="bbox 193 595 1337 3981">
     <span class='ocr_line' id='line_1_4' title="bbox 193 595 1325 679; baseline -0.016 -7"><span class='ocrx_word' id='word_1_20' title='bbox 193 631 261 672; x_wconf 89' lang='lat' dir='ltr'><strong>rum</strong></span> <span class='ocrx_word' id='word_1_21' title='bbox 280 607 434 667; x_wconf 89' lang='lat' dir='ltr'><strong>Canonum</strong></span> <span class='ocrx_word' id='word_1_22' title='bbox 457 614 487 666; x_wconf 91' lang='lat' dir='ltr'><strong>et</strong></span> <span class='ocrx_word' id='word_1_23' title='bbox 507 604 654 664; x_wconf 73' lang='lat' dir='ltr'><strong>Historiae</strong></span> <span class='ocrx_word' id='word_1_24' title='bbox 675 600 897 661; x_wconf 81' lang='lat' dir='ltr'><strong>Ecclesiasticus</strong></span> <span class='ocrx_word' id='word_1_25' title='bbox 922 597 1151 679; x_wconf 87' lang='lat' dir='ltr'><strong>peritissimus,</strong></span> <span class='ocrx_word' id='word_1_26' title='bbox 1172 595 1325 655; x_wconf 82' lang='lat' dir='ltr'><strong>consulenti</strong></span> 
     </span>
     <span class='ocr_line' id='line_1_5' title="bbox 194 679 1325 771; baseline -0.013 -17"><span class='ocrx_word' id='word_1_27' title='bbox 194 693 270 756; x_wconf 89' lang='lat' dir='ltr'><strong>mibi</strong></span> <span class='ocrx_word' id='word_1_28' title='bbox 286 689 458 771; x_wconf 86' lang='lat' dir='ltr'><strong>respondit:</strong></span> <span class='ocrx_word' id='word_1_29' title='bbox 481 687 595 768; x_wconf 78' lang='lat' dir='ltr'><strong>[„llec</strong></span> <span class='ocrx_word' id='word_1_30' title='bbox 613 686 840 753; x_wconf 55' lang='lat' dir='ltr'><strong>&amp;Athanasius</strong></span> <span class='ocrx_word' id='word_1_31' title='bbox 860 683 891 742; x_wconf 91' lang='lat' dir='ltr'><strong>in</strong></span> <span class='ocrx_word' id='word_1_32' title='bbox 909 683 948 742; x_wconf 89' lang='lat' dir='ltr'><strong>iis</strong></span> <span class='ocrx_word' id='word_1_33' title='bbox 964 704 1044 763; x_wconf 89' lang='lat' dir='ltr'><strong>quae</strong></span> <span class='ocrx_word' id='word_1_34' title='bbox 1057 683 1198 762; x_wconf 85' lang='lat' dir='ltr'><strong>plurima</strong></span> <span class='ocrx_word' id='word_1_35' title='bbox 1219 679 1325 760; x_wconf 81' lang='lat' dir='ltr'><strong>scripsit</strong></span> 
     </span>
     <span class='ocr_line' id='line_1_6' title="bbox 195 766 1325 855; baseline -0.013 -17"><span class='ocrx_word' id='word_1_36' title='bbox 195 780 234 840; x_wconf 91' lang='lat' dir='ltr'><strong>de</strong></span> <span class='ocrx_word' id='word_1_37' title='bbox 259 797 363 855; x_wconf 79' lang='lat' dir='ltr'><strong>magna</strong></span> <span class='ocrx_word' id='word_1_38' title='bbox 385 774 524 853; x_wconf 82' lang='lat' dir='ltr'><strong>Synodo,</strong></span> <span class='ocrx_word' id='word_1_39' title='bbox 553 793 611 832; x_wconf 87' lang='lat' dir='ltr'><strong>nec</strong></span> <span class='ocrx_word' id='word_1_40' title='bbox 640 774 798 851; x_wconf 90' lang='lat' dir='ltr'><strong>qnisquam</strong></span> <span class='ocrx_word' id='word_1_41' title='bbox 828 770 903 828; x_wconf 92' lang='lat' dir='ltr'><strong>alius</strong></span> <span class='ocrx_word' id='word_1_42' title='bbox 930 770 1086 848; x_wconf 72' lang='lat' dir='ltr'>scriptor,</span> <span class='ocrx_word' id='word_1_43' title='bbox 1115 768 1206 826; x_wconf 89' lang='lat' dir='ltr'><strong>cuius</strong></span> <span class='ocrx_word' id='word_1_44' title='bbox 1225 766 1262 825; x_wconf 85' lang='lat' dir='ltr'><strong>sd</strong></span> <span class='ocrx_word' id='word_1_45' title='bbox 1281 785 1325 824; x_wconf 84' lang='lat' dir='ltr'><strong>aas</strong></span> 
     </span>
     <span class='ocr_line' id='line_1_7' title="bbox 195 850 1325 938; baseline -0.014 -15"><span class='ocrx_word' id='word_1_46' title='bbox 195 869 386 924; x_wconf 88' lang='lat' dir='ltr'><strong>monumenta</strong></span> <span class='ocrx_word' id='word_1_47' title='bbox 404 859 442 919; x_wconf 85' lang='lat' dir='ltr'><strong>de</strong></span> <span class='ocrx_word' id='word_1_48' title='bbox 460 859 512 919; x_wconf 89' lang='lat' dir='ltr'><strong>illa</strong></span> <span class='ocrx_word' id='word_1_49' title='bbox 531 857 632 919; x_wconf 90' lang='lat' dir='ltr'><strong>eadem</strong></span> <span class='ocrx_word' id='word_1_50' title='bbox 648 857 769 938; x_wconf 75' lang='lat' dir='ltr'><strong>synodo</strong></span> <span class='ocrx_word' id='word_1_51' title='bbox 788 856 999 936; x_wconf 77' lang='lat' dir='ltr'>pervenerint,</span> <span class='ocrx_word' id='word_1_52' title='bbox 1022 853 1120 913; x_wconf 87' lang='lat' dir='ltr'><strong>ullius</strong></span> <span class='ocrx_word' id='word_1_53' title='bbox 1141 850 1267 912; x_wconf 89' lang='lat' dir='ltr'><strong>Sisinuii</strong></span> <span class='ocrx_word' id='word_1_54' title='bbox 1282 870 1325 908; x_wconf 87' lang='lat' dir='ltr'><strong>no·</strong></span> 
     </span>
     <span class='ocr_line' id='line_1_8' title="bbox 195 939 1325 1025; baseline -0.014 -16"><span class='ocrx_word' id='word_1_55' title='bbox 195 968 265 1010; x_wconf 87' lang='lat' dir='ltr'><strong>meu</strong></span> <span class='ocrx_word' id='word_1_56' title='bbox 288 954 341 1007; x_wconf 88' lang='lat' dir='ltr'><strong>aut</strong></span> <span class='ocrx_word' id='word_1_57' title='bbox 362 963 484 1025; x_wconf 85' lang='lat' dir='ltr'><strong>operam</strong></span> <span class='ocrx_word' id='word_1_58' title='bbox 507 953 651 1004; x_wconf 89' lang='lat' dir='ltr'><strong>memorat</strong></span> <span class='ocrx_word' id='word_1_59' title='bbox 670 943 815 1002; x_wconf 81' lang='lat' dir='ltr'><strong>adversus</strong></span> <span class='ocrx_word' id='word_1_60' title='bbox 835 940 938 999; x_wconf 78' lang='lat' dir='ltr'><strong>Arium</strong></span> <span class='ocrx_word' id='word_1_61' title='bbox 962 940 993 998; x_wconf 91' lang='lat' dir='ltr'><strong>in</strong></span> <span class='ocrx_word' id='word_1_62' title='bbox 1014 939 1155 998; x_wconf 87' lang='lat' dir='ltr'><strong>Nicaeno</strong></span> <span class='ocrx_word' id='word_1_63' title='bbox 1178 944 1325 996; x_wconf 82' lang='lat' dir='ltr'><strong>conventa.</strong></span> 
     </span>
     <span class='ocr_line' id='line_1_9' title="bbox 194 1025 1326 1104; baseline -0.013 -11"><span class='ocrx_word' id='word_1_64' title='bbox 194 1036 281 1104; x_wconf 86' lang='lat' dir='ltr'><strong>Unus</strong></span> <span class='ocrx_word' id='word_1_65' title='bbox 298 1037 436 1093; x_wconf 82' lang='lat' dir='ltr'><strong>Socrates</strong></span> <span class='ocrx_word' id='word_1_66' title='bbox 456 1029 603 1089; x_wconf 87' lang='lat' dir='ltr'><strong>Historiae</strong></span> <span class='ocrx_word' id='word_1_67' title='bbox 622 1048 692 1088; x_wconf 87' lang='lat' dir='ltr'><strong>suae</strong></span> <span class='ocrx_word' id='word_1_68' title='bbox 713 1026 800 1086; x_wconf 93' lang='lat' dir='ltr'><strong>Iib.l.</strong></span> <span class='ocrx_word' id='word_1_69' title='bbox 818 1045 882 1104; x_wconf 91' lang='lat' dir='ltr'><strong>cap.</strong></span> <span class='ocrx_word' id='word_1_70' title='bbox 901 1031 950 1092; x_wconf 88' lang='lat'><strong>10.</strong></span> <span class='ocrx_word' id='word_1_71' title='bbox 968 1034 999 1082; x_wconf 91' lang='lat' dir='ltr'><strong>et</strong></span> <span class='ocrx_word' id='word_1_72' title='bbox 1017 1032 1092 1101; x_wconf 84' lang='lat' dir='ltr'><strong>poet</strong></span> <span class='ocrx_word' id='word_1_73' title='bbox 1110 1025 1233 1101; x_wconf 89' lang='lat' dir='ltr'><strong>ipsum,</strong></span> <span class='ocrx_word' id='word_1_74' title='bbox 1253 1031 1326 1097; x_wconf 84' lang='lat' dir='ltr'><strong>atque</strong></span> 
     </span>
     <span class='ocr_line' id='line_1_10' title="bbox 197 1106 1327 1196; baseline -0.012 -19"><span class='ocrx_word' id='word_1_75' title='bbox 197 1139 237 1181; x_wconf 83' lang='lat' dir='ltr'><strong>ex</strong></span> <span class='ocrx_word' id='word_1_76' title='bbox 252 1119 337 1196; x_wconf 89' lang='lat' dir='ltr'><strong>ipso,</strong></span> <span class='ocrx_word' id='word_1_77' title='bbox 357 1113 458 1175; x_wconf 84' lang='lat' dir='ltr'><strong>Herm.</strong></span> <span class='ocrx_word' id='word_1_78' title='bbox 475 1116 658 1174; x_wconf 74' lang='lat' dir='ltr'><strong>sozomenus</strong></span> <span class='ocrx_word' id='word_1_79' title='bbox 676 1132 742 1191; x_wconf 83' lang='lat' dir='ltr'><strong>cup.</strong></span> <span class='ocrx_word' id='word_1_80' title='bbox 767 1110 863 1170; x_wconf 85' lang='lat' dir='ltr'><strong>xxtt.</strong></span> <span class='ocrx_word' id='word_1_81' title='bbox 886 1109 957 1169; x_wconf 84' lang='lat' dir='ltr'><strong>libri</strong></span> <span class='ocrx_word' id='word_1_82' title='bbox 978 1109 1087 1168; x_wconf 89' lang='lat' dir='ltr'><strong>itidem</strong></span> <span class='ocrx_word' id='word_1_83' title='bbox 1109 1107 1206 1188; x_wconf 88' lang='lat' dir='ltr'><strong>primi</strong></span> <span class='ocrx_word' id='word_1_84' title='bbox 1228 1106 1327 1166; x_wconf 82' lang='lat' dir='ltr'><strong>Euclea.</strong></span> 
     </span>
     <span class='ocr_line' id='line_1_11' title="bbox 196 1188 1328 1275; baseline -0.013 -12"><span class='ocrx_word' id='word_1_85' title='bbox 196 1203 274 1264; x_wconf 86' lang='lat' dir='ltr'><strong>Hist.</strong></span> <span class='ocrx_word' id='word_1_86' title='bbox 299 1200 437 1260; x_wconf 75' lang='lat' dir='ltr'><strong>Acesium</strong></span> <span class='ocrx_word' id='word_1_87' title='bbox 458 1198 494 1257; x_wconf 90' lang='lat' dir='ltr'><strong>ab</strong></span> <span class='ocrx_word' id='word_1_88' title='bbox 517 1198 711 1258; x_wconf 88' lang='lat' dir='ltr'><strong>Constantino</strong></span> <span class='ocrx_word' id='word_1_89' title='bbox 730 1197 908 1275; x_wconf 75' lang='lat' dir='ltr'><strong>imperatore</strong></span> <span class='ocrx_word' id='word_1_90' title='bbox 922 1193 1102 1254; x_wconf 84' lang='lat' dir='ltr'><strong>arcessitum</strong></span> <span class='ocrx_word' id='word_1_91' title='bbox 1122 1200 1267 1268; x_wconf 86' lang='lat' dir='ltr'><strong>narrant,</strong></span> <span class='ocrx_word' id='word_1_92' title='bbox 1285 1188 1328 1269; x_wconf 86' lang='lat' dir='ltr'><strong>qui</strong></span> 
     </span>
     <span class='ocr_line' id='line_1_12' title="bbox 198 1278 1330 1362; baseline -0.011 -16"><span class='ocrx_word' id='word_1_93' title='bbox 198 1287 317 1346; x_wconf 83' lang='lat' dir='ltr'><strong>calculo</strong></span> <span class='ocrx_word' id='word_1_94' title='bbox 334 1303 389 1343; x_wconf 90' lang='lat' dir='ltr'><strong>suo</strong></span> <span class='ocrx_word' id='word_1_95' title='bbox 404 1284 612 1362; x_wconf 90' lang='lat' dir='ltr'><strong>comprobaret</strong></span> <span class='ocrx_word' id='word_1_96' title='bbox 627 1283 785 1344; x_wconf 75' lang='lat' dir='ltr'><strong>lt&#39;icaenem</strong></span> <span class='ocrx_word' id='word_1_97' title='bbox 801 1279 1019 1340; x_wconf 84' lang='lat' dir='ltr'><strong>definitionem:</strong></span> <span class='ocrx_word' id='word_1_98' title='bbox 1042 1278 1131 1359; x_wconf 85' lang='lat' dir='ltr'><strong>quod</strong></span> <span class='ocrx_word' id='word_1_99' title='bbox 1153 1279 1267 1337; x_wconf 82' lang='lat' dir='ltr'><strong>factum</strong></span> <span class='ocrx_word' id='word_1_100' title='bbox 1280 1295 1330 1355; x_wconf 83' lang='lat' dir='ltr'><strong>qua</strong></span> 
     </span>
     <span class='ocr_line' id='line_1_13' title="bbox 197 1361 1329 1450; baseline -0.011 -19"><span class='ocrx_word' id='word_1_101' title='bbox 197 1374 258 1431; x_wconf 86' lang='lat' dir='ltr'><strong>lide</strong></span> <span class='ocrx_word' id='word_1_102' title='bbox 280 1389 340 1450; x_wconf 89' lang='lat' dir='ltr'><strong>quo</strong></span> <span class='ocrx_word' id='word_1_103' title='bbox 364 1378 487 1428; x_wconf 88' lang='lat' dir='ltr'><strong>auctore</strong></span> <span class='ocrx_word' id='word_1_104' title='bbox 508 1369 621 1430; x_wconf 86' lang='lat' dir='ltr'><strong>reierat</strong></span> <span class='ocrx_word' id='word_1_105' title='bbox 643 1371 797 1441; x_wconf 89' lang='lat' dir='ltr'><strong>Socrates,</strong></span> <span class='ocrx_word' id='word_1_106' title='bbox 819 1365 872 1444; x_wconf 91' lang='lat' dir='ltr'><strong>qui</strong></span> <span class='ocrx_word' id='word_1_107' title='bbox 894 1384 956 1425; x_wconf 91' lang='lat' dir='ltr'><strong>uno</strong></span> <span class='ocrx_word' id='word_1_108' title='bbox 978 1365 1043 1424; x_wconf 90' lang='lat' dir='ltr'><strong>sere</strong></span> <span class='ocrx_word' id='word_1_109' title='bbox 1064 1363 1195 1423; x_wconf 84' lang='lat' dir='ltr'><strong>saeculo</strong></span> <span class='ocrx_word' id='word_1_110' title='bbox 1210 1361 1329 1443; x_wconf 76' lang='lat' dir='ltr'><strong>postili-</strong></span> 
     </span>
     <span class='ocr_line' id='line_1_14' title="bbox 198 1449 1329 1533; baseline -0.011 -16"><span class='ocrx_word' id='word_1_111' title='bbox 198 1475 319 1517; x_wconf 86' lang='lat' dir='ltr'><strong>caenam</strong></span> <span class='ocrx_word' id='word_1_112' title='bbox 333 1453 487 1533; x_wconf 85' lang='lat' dir='ltr'><strong>Synodum</strong></span> <span class='ocrx_word' id='word_1_113' title='bbox 506 1454 601 1530; x_wconf 81' lang='lat' dir='ltr'><strong>vixit,</strong></span> <span class='ocrx_word' id='word_1_114' title='bbox 624 1453 690 1513; x_wconf 88' lang='lat' dir='ltr'><strong>aliis</strong></span> <span class='ocrx_word' id='word_1_115' title='bbox 707 1450 922 1513; x_wconf 88' lang='lat' dir='ltr'><strong>aestimandum</strong></span> <span class='ocrx_word' id='word_1_116' title='bbox 934 1449 1085 1528; x_wconf 86' lang='lat' dir='ltr'><strong>relinquo.</strong></span> <span class='ocrx_word' id='word_1_117' title='bbox 1120 1449 1159 1508; x_wconf 88' lang='lat' dir='ltr'><strong>In</strong></span> <span class='ocrx_word' id='word_1_118' title='bbox 1176 1468 1266 1528; x_wconf 87' lang='lat' dir='ltr'><strong>quam</strong></span> <span class='ocrx_word' id='word_1_119' title='bbox 1278 1465 1329 1505; x_wconf 80' lang='lat' dir='ltr'><strong>reu</strong></span> 
     </span>
     <span class='ocr_line' id='line_1_15' title="bbox 197 1533 1330 1618; baseline -0.009 -17"><span class='ocrx_word' id='word_1_120' title='bbox 197 1542 257 1618; x_wconf 84' lang='lat' dir='ltr'><strong>fac,</strong></span> <span class='ocrx_word' id='word_1_121' title='bbox 272 1549 306 1598; x_wconf 91' lang='lat' dir='ltr'><strong>ut</strong></span> <span class='ocrx_word' id='word_1_122' title='bbox 321 1539 458 1598; x_wconf 89' lang='lat' dir='ltr'><strong>consulas</strong></span> <span class='ocrx_word' id='word_1_123' title='bbox 480 1539 673 1599; x_wconf 75' lang='lat' dir='ltr'><strong>eruditissimi</strong></span> <span class='ocrx_word' id='word_1_124' title='bbox 687 1536 808 1599; x_wconf 87' lang='lat' dir='ltr'><strong>Henrici</strong></span> <span class='ocrx_word' id='word_1_125' title='bbox 827 1534 934 1595; x_wconf 87' lang='lat' dir='ltr'><strong>Valesii</strong></span> <span class='ocrx_word' id='word_1_126' title='bbox 953 1535 1062 1594; x_wconf 78' lang='lat' dir='ltr'><strong>noum</strong></span> <span class='ocrx_word' id='word_1_127' title='bbox 1083 1533 1125 1594; x_wconf 88' lang='lat' dir='ltr'><strong>sd</strong></span> <span class='ocrx_word' id='word_1_128' title='bbox 1146 1541 1330 1594; x_wconf 75' lang='lat' dir='ltr'><strong>memoratu</strong></span> 
     </span>
     <span class='ocr_line' id='line_1_16' title="bbox 198 1617 1330 1703; baseline -0.007 -19"><span class='ocrx_word' id='word_1_129' title='bbox 198 1624 331 1685; x_wconf 65' lang='lat' dir='ltr'><strong>Socratis</strong></span> <span class='ocrx_word' id='word_1_130' title='bbox 346 1623 493 1682; x_wconf 86' lang='lat' dir='ltr'><strong>Historias</strong></span> <span class='ocrx_word' id='word_1_131' title='bbox 510 1626 620 1687; x_wconf 88' lang='lat' dir='ltr'><strong>locum.</strong></span> <span class='ocrx_word' id='word_1_132' title='bbox 664 1624 766 1703; x_wconf 89' lang='lat' dir='ltr'><strong>Ipsum</strong></span> <span class='ocrx_word' id='word_1_133' title='bbox 782 1641 855 1680; x_wconf 80' lang='lat' dir='ltr'><strong>vero</strong></span> <span class='ocrx_word' id='word_1_134' title='bbox 870 1620 1016 1681; x_wconf 90' lang='lat' dir='ltr'><strong>sublestae</strong></span> <span class='ocrx_word' id='word_1_135' title='bbox 1036 1618 1110 1679; x_wconf 86' lang='lat' dir='ltr'><strong>lidei</strong></span> <span class='ocrx_word' id='word_1_136' title='bbox 1133 1617 1231 1679; x_wconf 85' lang='lat' dir='ltr'><strong>babet</strong></span> <span class='ocrx_word' id='word_1_137' title='bbox 1247 1618 1330 1677; x_wconf 83' lang='lat' dir='ltr'><strong>virio</strong></span> 
     </span>
     <span class='ocr_line' id='line_1_17' title="bbox 199 1704 1330 1790; baseline -0.009 -19"><span class='ocrx_word' id='word_1_138' title='bbox 199 1710 322 1790; x_wconf 85' lang='lat' dir='ltr'><strong>scriptis</strong></span> <span class='ocrx_word' id='word_1_139' title='bbox 334 1718 470 1767; x_wconf 86' lang='lat' dir='ltr'><strong>veterum</strong></span> <span class='ocrx_word' id='word_1_140' title='bbox 484 1712 653 1789; x_wconf 83' lang='lat' dir='ltr'><strong>perspicax.</strong></span> <span class='ocrx_word' id='word_1_141' title='bbox 676 1709 831 1768; x_wconf 78' lang='lat' dir='ltr'><strong>Caeterum</strong></span> <span class='ocrx_word' id='word_1_142' title='bbox 847 1706 924 1765; x_wconf 90' lang='lat' dir='ltr'><strong>idem</strong></span> <span class='ocrx_word' id='word_1_143' title='bbox 942 1708 1083 1764; x_wconf 79' lang='lat' dir='ltr'><strong>Socrates</strong></span> <span class='ocrx_word' id='word_1_144' title='bbox 1096 1704 1154 1767; x_wconf 81' lang='lat' dir='ltr'><strong>lib.</strong></span> <span class='ocrx_word' id='word_1_145' title='bbox 1167 1704 1206 1763; x_wconf 90' lang='lat' dir='ltr'><strong>V.</strong></span> <span class='ocrx_word' id='word_1_146' title='bbox 1219 1707 1330 1783; x_wconf 78' lang='lat' dir='ltr'><strong>capto.</strong></span> 
     </span>
     <span class='ocr_line' id='line_1_18' title="bbox 198 1788 1331 1871; baseline -0.007 -17"><span class='ocrx_word' id='word_1_147' title='bbox 198 1795 321 1855; x_wconf 75' lang='lat' dir='ltr'><strong>SIsinnii</strong></span> <span class='ocrx_word' id='word_1_148' title='bbox 343 1792 499 1852; x_wconf 87' lang='lat' dir='ltr'><strong>cuiusdam</strong></span> <span class='ocrx_word' id='word_1_149' title='bbox 520 1794 667 1868; x_wconf 85' lang='lat' dir='ltr'><strong>meminit,</strong></span> <span class='ocrx_word' id='word_1_150' title='bbox 689 1793 740 1871; x_wconf 89' lang='lat' dir='ltr'><strong>qui</strong></span> <span class='ocrx_word' id='word_1_151' title='bbox 762 1813 847 1851; x_wconf 88' lang='lat' dir='ltr'><strong>sacro</strong></span> <span class='ocrx_word' id='word_1_152' title='bbox 865 1791 998 1851; x_wconf 62' lang='lat' dir='ltr'><strong>[aectoris</strong></span> <span class='ocrx_word' id='word_1_153' title='bbox 1014 1809 1146 1850; x_wconf 84' lang='lat' dir='ltr'><strong>munere</strong></span> <span class='ocrx_word' id='word_1_154' title='bbox 1162 1788 1331 1867; x_wconf 77' lang='lat' dir='ltr'><strong>fungebetur</strong></span> 
     </span>
     <span class='ocr_line' id='line_1_19' title="bbox 200 1873 1332 1959; baseline -0.006 -20"><span class='ocrx_word' id='word_1_155' title='bbox 200 1881 283 1959; x_wconf 65' lang='lat' dir='ltr'><strong>spond</strong></span> <span class='ocrx_word' id='word_1_156' title='bbox 301 1877 446 1954; x_wconf 78' lang='lat' dir='ltr'><strong>Agellium</strong></span> <span class='ocrx_word' id='word_1_157' title='bbox 462 1879 696 1938; x_wconf 80' lang='lat' dir='ltr'><strong>Noratianorum</strong></span> <span class='ocrx_word' id='word_1_158' title='bbox 716 1879 905 1958; x_wconf 82' lang='lat' dir='ltr'><strong>episcopum,-</strong></span> <span class='ocrx_word' id='word_1_159' title='bbox 927 1876 1013 1934; x_wconf 88' lang='lat' dir='ltr'><strong>euius</strong></span> <span class='ocrx_word' id='word_1_160' title='bbox 1032 1875 1067 1934; x_wconf 88' lang='lat' dir='ltr'><strong>in</strong></span> <span class='ocrx_word' id='word_1_161' title='bbox 1087 1875 1268 1953; x_wconf 75' lang='lat' dir='ltr'><strong>dignitatern</strong></span> <span class='ocrx_word' id='word_1_162' title='bbox 1289 1873 1332 1931; x_wconf 82' lang='lat' dir='ltr'><strong>ali-</strong></span> 
     </span>
     <span class='ocr_line' id='line_1_20' title="bbox 200 1957 1331 2049; baseline -0.004 -27"><span class='ocrx_word' id='word_1_163' title='bbox 200 1972 313 2049; x_wconf 82' lang='lat' dir='ltr'><strong>quanto</strong></span> <span class='ocrx_word' id='word_1_164' title='bbox 340 1972 409 2042; x_wconf 88' lang='lat' dir='ltr'><strong>post</strong></span> <span class='ocrx_word' id='word_1_165' title='bbox 429 1962 591 2024; x_wconf 83' lang='lat' dir='ltr'><strong>subvectus</strong></span> <span class='ocrx_word' id='word_1_166' title='bbox 613 1962 696 2044; x_wconf 89' lang='lat' dir='ltr'><strong>apud</strong></span> <span class='ocrx_word' id='word_1_167' title='bbox 721 1964 848 2024; x_wconf 87' lang='lat' dir='ltr'><strong>eundem</strong></span> <span class='ocrx_word' id='word_1_168' title='bbox 867 1962 1053 2021; x_wconf 82' lang='lat' dir='ltr'><strong>Historicum</strong></span> <span class='ocrx_word' id='word_1_169' title='bbox 1073 1960 1208 2036; x_wconf 80' lang='lat' dir='ltr'><strong>legitur,</strong></span> <span class='ocrx_word' id='word_1_170' title='bbox 1237 1959 1289 2021; x_wconf 89' lang='lat' dir='ltr'><strong>lib.</strong></span> <span class='ocrx_word' id='word_1_171' title='bbox 1303 1957 1331 2019; x_wconf 83' lang='lat' dir='ltr'><strong>t.</strong></span> 
     </span>
     <span class='ocr_line' id='line_1_21' title="bbox 200 2045 1330 2130; baseline -0.004 -23"><span class='ocrx_word' id='word_1_172' title='bbox 200 2070 268 2130; x_wconf 87' lang='lat' dir='ltr'><strong>cap.</strong></span> <span class='ocrx_word' id='word_1_173' title='bbox 284 2053 334 2113; x_wconf 80' lang='lat'><strong>21.</strong></span> <span class='ocrx_word' id='word_1_174' title='bbox 351 2057 380 2106; x_wconf 91' lang='lat' dir='ltr'><strong>et</strong></span> <span class='ocrx_word' id='word_1_175' title='bbox 394 2047 447 2108; x_wconf 87' lang='lat' dir='ltr'><strong>lib.</strong></span> <span class='ocrx_word' id='word_1_176' title='bbox 462 2048 512 2110; x_wconf 89' lang='lat' dir='ltr'><strong>VI.</strong></span> <span class='ocrx_word' id='word_1_177' title='bbox 534 2069 600 2130; x_wconf 88' lang='lat' dir='ltr'><strong>cop.</strong></span> <span class='ocrx_word' id='word_1_178' title='bbox 619 2056 647 2114; x_wconf 81' lang='lat'><strong>1.</strong></span> <span class='ocrx_word' id='word_1_179' title='bbox 690 2047 787 2109; x_wconf 85' lang='lat' dir='ltr'><strong>Huius</strong></span> <span class='ocrx_word' id='word_1_180' title='bbox 801 2057 900 2106; x_wconf 88' lang='lat' dir='ltr'><strong>sutem</strong></span> <span class='ocrx_word' id='word_1_181' title='bbox 915 2045 1035 2106; x_wconf 89' lang='lat' dir='ltr'><strong>Sisinnii</strong></span> <span class='ocrx_word' id='word_1_182' title='bbox 1053 2047 1237 2106; x_wconf 85' lang='lat' dir='ltr'><strong>seutentiam</strong></span> <span class='ocrx_word' id='word_1_183' title='bbox 1256 2063 1330 2102; x_wconf 82' lang='lat' dir='ltr'><strong>secu-</strong></span> 
     </span>
     <span class='ocr_line' id='line_1_22' title="bbox 200 2129 1331 2213; baseline -0.005 -19"><span class='ocrx_word' id='word_1_184' title='bbox 200 2144 250 2194; x_wconf 87' lang='lat' dir='ltr'><strong>tus</strong></span> <span class='ocrx_word' id='word_1_185' title='bbox 264 2138 283 2192; x_wconf 78' lang='lat' dir='ltr'>A</span> <span class='ocrx_word' id='word_1_186' title='bbox 288 2131 409 2210; x_wconf 77' lang='lat' dir='ltr'><strong>gellius,</strong></span> <span class='ocrx_word' id='word_1_187' title='bbox 430 2134 595 2213; x_wconf 79' lang='lat' dir='ltr'><strong>postulanti</strong></span> <span class='ocrx_word' id='word_1_188' title='bbox 612 2133 749 2194; x_wconf 88' lang='lat' dir='ltr'><strong>Nectario</strong></span> <span class='ocrx_word' id='word_1_189' title='bbox 763 2131 1061 2212; x_wconf 73' lang='lat' dir='ltr'><strong>constantinopoleos</strong></span> <span class='ocrx_word' id='word_1_190' title='bbox 1077 2131 1212 2191; x_wconf 76' lang='lat' dir='ltr'><strong>antistiti</strong></span> <span class='ocrx_word' id='word_1_191' title='bbox 1226 2129 1331 2189; x_wconf 81' lang='lat' dir='ltr'><strong>salubre</strong></span> 
     </span>
     <span class='ocr_line' id='line_1_23' title="bbox 201 2217 1329 2294; baseline -0.004 -15"><span class='ocrx_word' id='word_1_192' title='bbox 201 2220 327 2286; x_wconf 87' lang='lat' dir='ltr'><strong>dederat</strong></span> <span class='ocrx_word' id='word_1_193' title='bbox 341 2218 498 2278; x_wconf 86' lang='lat' dir='ltr'><strong>consilium</strong></span> <span class='ocrx_word' id='word_1_194' title='bbox 518 2221 661 2280; x_wconf 82' lang='lat' dir='ltr'><strong>adversus</strong></span> <span class='ocrx_word' id='word_1_195' title='bbox 675 2219 852 2279; x_wconf 77' lang='lat' dir='ltr'><strong>Arianorum</strong></span> <span class='ocrx_word' id='word_1_196' title='bbox 871 2217 1223 2294; x_wconf 81' lang='lat' dir='ltr'><strong>Macedonianorumque</strong></span> <span class='ocrx_word' id='word_1_197' title='bbox 1238 2225 1329 2288; x_wconf 63' lang='lat' dir='ltr'><strong>sectae</strong></span> 
     </span>
     <span class='ocr_line' id='line_1_24' title="bbox 202 2301 1331 2387; baseline -0.005 -23"><span class='ocrx_word' id='word_1_198' title='bbox 202 2305 310 2387; x_wconf 84' lang='lat' dir='ltr'><strong>quibus</strong></span> <span class='ocrx_word' id='word_1_199' title='bbox 324 2302 431 2363; x_wconf 87' lang='lat' dir='ltr'><strong>misere</strong></span> <span class='ocrx_word' id='word_1_200' title='bbox 448 2305 614 2365; x_wconf 83' lang='lat' dir='ltr'><strong>vexabatur</strong></span> <span class='ocrx_word' id='word_1_201' title='bbox 629 2304 746 2366; x_wconf 83' lang='lat' dir='ltr'><strong>Oriens.</strong></span> <span class='ocrx_word' id='word_1_202' title='bbox 790 2302 916 2378; x_wconf 89' lang='lat' dir='ltr'><strong>Verum,</strong></span> <span class='ocrx_word' id='word_1_203' title='bbox 937 2321 975 2361; x_wconf 90' lang='lat' dir='ltr'><strong>ue</strong></span> <span class='ocrx_word' id='word_1_204' title='bbox 990 2301 1028 2361; x_wconf 89' lang='lat' dir='ltr'><strong>de</strong></span> <span class='ocrx_word' id='word_1_205' title='bbox 1040 2302 1101 2361; x_wconf 87' lang='lat' dir='ltr'><strong>isto</strong></span> <span class='ocrx_word' id='word_1_206' title='bbox 1117 2301 1251 2360; x_wconf 75' lang='lat' dir='ltr'><strong>sisinnio</strong></span> <span class='ocrx_word' id='word_1_207' title='bbox 1266 2302 1331 2358; x_wconf 77' lang='lat' dir='ltr'><strong>Cre·</strong></span> 
     </span>
     <span class='ocr_line' id='line_1_25' title="bbox 201 2384 1330 2469; baseline -0.006 -19"><span class='ocrx_word' id='word_1_208' title='bbox 201 2411 288 2467; x_wconf 71' lang='lat' dir='ltr'><strong>goras</strong></span> <span class='ocrx_word' id='word_1_209' title='bbox 302 2388 430 2466; x_wconf 86' lang='lat' dir='ltr'><strong>intelligi</strong></span> <span class='ocrx_word' id='word_1_210' title='bbox 443 2394 553 2469; x_wconf 85' lang='lat' dir='ltr'><strong>possit,</strong></span> <span class='ocrx_word' id='word_1_211' title='bbox 576 2389 674 2450; x_wconf 85' lang='lat' dir='ltr'><strong>obstat</strong></span> <span class='ocrx_word' id='word_1_212' title='bbox 692 2389 805 2469; x_wconf 88' lang='lat' dir='ltr'><strong>primas</strong></span> <span class='ocrx_word' id='word_1_213' title='bbox 824 2387 939 2468; x_wconf 87' lang='lat' dir='ltr'><strong>Synodi</strong></span> <span class='ocrx_word' id='word_1_214' title='bbox 959 2405 1085 2459; x_wconf 83' lang='lat' dir='ltr'><strong>nomen3</strong></span> <span class='ocrx_word' id='word_1_215' title='bbox 1109 2386 1169 2446; x_wconf 90' lang='lat' dir='ltr'><strong>nisi</strong></span> <span class='ocrx_word' id='word_1_216' title='bbox 1184 2388 1265 2446; x_wconf 78' lang='lat' dir='ltr'><strong>forte</strong></span> <span class='ocrx_word' id='word_1_217' title='bbox 1281 2384 1330 2463; x_wconf 83' lang='lat' dir='ltr'><strong>pri·</strong></span> 
     </span>
     <span class='ocr_line' id='line_1_26' title="bbox 201 2471 1329 2554; baseline -0.006 -20"><span class='ocrx_word' id='word_1_218' title='bbox 201 2497 279 2534; x_wconf 79' lang='lat' dir='ltr'><strong>risam</strong></span> <span class='ocrx_word' id='word_1_219' title='bbox 303 2473 561 2554; x_wconf 78' lang='lat' dir='ltr'><strong>Constantinopoli</strong></span> <span class='ocrx_word' id='word_1_220' title='bbox 584 2473 716 2534; x_wconf 87' lang='lat' dir='ltr'><strong>habitam</strong></span> <span class='ocrx_word' id='word_1_221' title='bbox 738 2475 905 2552; x_wconf 82' lang='lat' dir='ltr'><strong>generalem</strong></span> <span class='ocrx_word' id='word_1_222' title='bbox 927 2472 1076 2552; x_wconf 87' lang='lat' dir='ltr'><strong>accipias:</strong></span> <span class='ocrx_word' id='word_1_223' title='bbox 1116 2471 1329 2551; x_wconf 76' lang='lat' dir='ltr'><strong>quodquidam</strong></span> 
     </span>
     <span class='ocr_line' id='line_1_27' title="bbox 201 2556 1330 2639; baseline -0.005 -19"><span class='ocrx_word' id='word_1_224' title='bbox 201 2557 274 2620; x_wconf 89' lang='lat' dir='ltr'><strong>mibi</strong></span> <span class='ocrx_word' id='word_1_225' title='bbox 297 2578 357 2616; x_wconf 92' lang='lat' dir='ltr'><strong>uon</strong></span> <span class='ocrx_word' id='word_1_226' title='bbox 378 2559 413 2618; x_wconf 88' lang='lat' dir='ltr'><strong>fit</strong></span> <span class='ocrx_word' id='word_1_227' title='bbox 432 2561 582 2622; x_wconf 82' lang='lat' dir='ltr'><strong>credibile.</strong></span> <span class='ocrx_word' id='word_1_228' title='bbox 624 2562 731 2639; x_wconf 91' lang='lat' dir='ltr'><strong>Itaque</strong></span> <span class='ocrx_word' id='word_1_229' title='bbox 750 2558 809 2619; x_wconf 90' lang='lat' dir='ltr'><strong>hoc</strong></span> <span class='ocrx_word' id='word_1_230' title='bbox 828 2557 962 2639; x_wconf 81' lang='lat' dir='ltr'><strong>proclive</strong></span> <span class='ocrx_word' id='word_1_231' title='bbox 987 2567 1033 2616; x_wconf 88' lang='lat' dir='ltr'><strong>est</strong></span> <span class='ocrx_word' id='word_1_232' title='bbox 1055 2558 1228 2638; x_wconf 69' lang='lat' dir='ltr'><strong>suspicari,</strong></span> <span class='ocrx_word' id='word_1_233' title='bbox 1260 2556 1330 2616; x_wconf 78' lang='lat' dir='ltr'><strong>ilios·</strong></span> 
     </span>
     <span class='ocr_line' id='line_1_28' title="bbox 201 2642 1329 2726; baseline -0.004 -24"><span class='ocrx_word' id='word_1_234' title='bbox 201 2644 331 2726; x_wconf 81' lang='lat' dir='ltr'><strong>phorum</strong></span> <span class='ocrx_word' id='word_1_235' title='bbox 348 2642 528 2720; x_wconf 79' lang='lat' dir='ltr'><strong>Gregorsm,</strong></span> <span class='ocrx_word' id='word_1_236' title='bbox 550 2645 650 2706; x_wconf 76' lang='lat' dir='ltr'><strong>ulrum</strong></span> <span class='ocrx_word' id='word_1_237' title='bbox 673 2647 833 2705; x_wconf 88' lang='lat' dir='ltr'><strong>immensae</strong></span> <span class='ocrx_word' id='word_1_238' title='bbox 847 2642 1026 2704; x_wconf 86' lang='lat' dir='ltr'><strong>eruditionis</strong></span> <span class='ocrx_word' id='word_1_239' title='bbox 1045 2652 1076 2703; x_wconf 88' lang='lat' dir='ltr'><strong>et</strong></span> <span class='ocrx_word' id='word_1_240' title='bbox 1095 2643 1255 2716; x_wconf 89' lang='lat' dir='ltr'><strong>lectionis,</strong></span> <span class='ocrx_word' id='word_1_241' title='bbox 1275 2659 1329 2698; x_wconf 84' lang='lat' dir='ltr'><strong>cun</strong></span> 
     </span>
     <span class='ocr_line' id='line_1_29' title="bbox 201 2727 1329 2805; baseline -0.004 -17"><span class='ocrx_word' id='word_1_242' title='bbox 201 2729 327 2788; x_wconf 86' lang='lat' dir='ltr'><strong>baberet</strong></span> <span class='ocrx_word' id='word_1_243' title='bbox 345 2727 375 2785; x_wconf 92' lang='lat' dir='ltr'><strong>in</strong></span> <span class='ocrx_word' id='word_1_244' title='bbox 392 2740 489 2789; x_wconf 90' lang='lat' dir='ltr'><strong>mente</strong></span> <span class='ocrx_word' id='word_1_245' title='bbox 509 2731 569 2789; x_wconf 92' lang='lat' dir='ltr'><strong>duo</strong></span> <span class='ocrx_word' id='word_1_246' title='bbox 583 2728 659 2789; x_wconf 88' lang='lat' dir='ltr'><strong>boec</strong></span> <span class='ocrx_word' id='word_1_247' title='bbox 674 2728 896 2789; x_wconf 82' lang='lat' dir='ltr'><strong>Novatiensium</strong></span> <span class='ocrx_word' id='word_1_248' title='bbox 914 2728 1080 2787; x_wconf 86' lang='lat' dir='ltr'><strong>antistitum</strong></span> <span class='ocrx_word' id='word_1_249' title='bbox 1106 2729 1251 2803; x_wconf 86' lang='lat' dir='ltr'><strong>nomina,</strong></span> <span class='ocrx_word' id='word_1_250' title='bbox 1271 2746 1329 2805; x_wconf 82' lang='lat' dir='ltr'><strong>quo-</strong></span> 
     </span>
     <span class='ocr_line' id='line_1_30' title="bbox 201 2812 1330 2894; baseline -0.004 -20"><span class='ocrx_word' id='word_1_251' title='bbox 201 2833 268 2875; x_wconf 90' lang='lat' dir='ltr'><strong>rum</strong></span> <span class='ocrx_word' id='word_1_252' title='bbox 282 2815 434 2891; x_wconf 83' lang='lat' dir='ltr'><strong>permagni</strong></span> <span class='ocrx_word' id='word_1_253' title='bbox 450 2815 550 2875; x_wconf 84' lang='lat' dir='ltr'><strong>iuerat</strong></span> <span class='ocrx_word' id='word_1_254' title='bbox 570 2837 660 2894; x_wconf 88' lang='lat' dir='ltr'><strong>opera</strong></span> <span class='ocrx_word' id='word_1_255' title='bbox 677 2814 821 2875; x_wconf 76' lang='lat' dir='ltr'><strong>adversus</strong></span> <span class='ocrx_word' id='word_1_256' title='bbox 837 2816 1013 2873; x_wconf 73' lang='lat' dir='ltr'><strong>Arianorum</strong></span> <span class='ocrx_word' id='word_1_257' title='bbox 1027 2812 1231 2888; x_wconf 88' lang='lat' dir='ltr'><strong>dementiam,</strong></span> <span class='ocrx_word' id='word_1_258' title='bbox 1252 2829 1330 2870; x_wconf 83' lang='lat' dir='ltr'><strong>unuu</strong></span> 
     </span>
     <span class='ocr_line' id='line_1_31' title="bbox 201 2893 1330 2980; baseline -0.002 -23"><span class='ocrx_word' id='word_1_259' title='bbox 201 2919 260 2980; x_wconf 86' lang='lat' dir='ltr'><strong>pro</strong></span> <span class='ocrx_word' id='word_1_260' title='bbox 280 2896 353 2971; x_wconf 90' lang='lat' dir='ltr'><strong>alio,</strong></span> <span class='ocrx_word' id='word_1_261' title='bbox 379 2908 413 2957; x_wconf 92' lang='lat' dir='ltr'><strong>ut</strong></span> <span class='ocrx_word' id='word_1_262' title='bbox 428 2899 516 2960; x_wconf 86' lang='lat' dir='ltr'><strong>Iacile</strong></span> <span class='ocrx_word' id='word_1_263' title='bbox 529 2902 609 2960; x_wconf 87' lang='lat' dir='ltr'><strong>Isctu</strong></span> <span class='ocrx_word' id='word_1_264' title='bbox 626 2900 702 2975; x_wconf 86' lang='lat' dir='ltr'><strong>fuit,</strong></span> <span class='ocrx_word' id='word_1_265' title='bbox 723 2899 897 2959; x_wconf 85' lang='lat' dir='ltr'><strong>inseruisse:</strong></span> <span class='ocrx_word' id='word_1_266' title='bbox 918 2898 976 2957; x_wconf 92' lang='lat' dir='ltr'><strong>nisi</strong></span> <span class='ocrx_word' id='word_1_267' title='bbox 992 2898 1059 2977; x_wconf 89' lang='lat' dir='ltr'><strong>quis</strong></span> <span class='ocrx_word' id='word_1_268' title='bbox 1077 2898 1165 2958; x_wconf 88' lang='lat' dir='ltr'><strong>malit</strong></span> <span class='ocrx_word' id='word_1_269' title='bbox 1182 2900 1217 2958; x_wconf 89' lang='lat' dir='ltr'><strong>iu</strong></span> <span class='ocrx_word' id='word_1_270' title='bbox 1233 2893 1330 2957; x_wconf 76' lang='lat' dir='ltr'><strong>litnrt</strong></span> 
     </span>
     <span class='ocr_line' id='line_1_32' title="bbox 202 2983 1330 3064; baseline -0.004 -20"><span class='ocrx_word' id='word_1_271' title='bbox 202 2985 322 3064; x_wconf 86' lang='lat' dir='ltr'><strong>eulpam</strong></span> <span class='ocrx_word' id='word_1_272' title='bbox 338 2983 462 3045; x_wconf 88' lang='lat' dir='ltr'><strong>reiicere</strong></span> <span class='ocrx_word' id='word_1_273' title='bbox 479 2987 675 3046; x_wconf 87' lang='lat' dir='ltr'><strong>mutationem</strong></span> <span class='ocrx_word' id='word_1_274' title='bbox 695 2985 839 3061; x_wconf 74' lang='lat' dir='ltr'><strong>nominis,</strong></span> <span class='ocrx_word' id='word_1_275' title='bbox 862 3003 949 3063; x_wconf 90' lang='lat' dir='ltr'><strong>quam</strong></span> <span class='ocrx_word' id='word_1_276' title='bbox 972 2984 1173 3063; x_wconf 83' lang='lat' dir='ltr'><strong>posteriorem</strong></span> <span class='ocrx_word' id='word_1_277' title='bbox 1189 2983 1330 3044; x_wconf 84' lang='lat' dir='ltr'><strong>coniecta·</strong></span> 
     </span>
     <span class='ocr_line' id='line_1_33' title="bbox 202 3066 1332 3132; baseline -0.005 0"><span class='ocrx_word' id='word_1_278' title='bbox 202 3091 266 3132; x_wconf 84' lang='lat' dir='ltr'><strong>ram</strong></span> <span class='ocrx_word' id='word_1_279' title='bbox 279 3068 383 3126; x_wconf 88' lang='lat' dir='ltr'><strong>nescio</strong></span> <span class='ocrx_word' id='word_1_280' title='bbox 400 3091 437 3128; x_wconf 88' lang='lat' dir='ltr'><strong>sn</strong></span> <span class='ocrx_word' id='word_1_281' title='bbox 450 3072 522 3130; x_wconf 87' lang='lat' dir='ltr'><strong>satis</strong></span> <span class='ocrx_word' id='word_1_282' title='bbox 536 3072 618 3131; x_wconf 88' lang='lat' dir='ltr'><strong>iuvet</strong></span> <span class='ocrx_word' id='word_1_283' title='bbox 632 3071 760 3130; x_wconf 88' lang='lat' dir='ltr'><strong>duorum</strong></span> <span class='ocrx_word' id='word_1_284' title='bbox 772 3070 900 3130; x_wconf 87' lang='lat' dir='ltr'><strong>istorum</strong></span> <span class='ocrx_word' id='word_1_285' title='bbox 912 3069 1134 3128; x_wconf 83' lang='lat' dir='ltr'><strong>vocabulorum</strong></span> <span class='ocrx_word' id='word_1_286' title='bbox 1144 3070 1261 3130; x_wconf 82' lang='lat' dir='ltr'><strong>Graece</strong></span> <span class='ocrx_word' id='word_1_287' title='bbox 1271 3066 1332 3126; x_wconf 81' lang='lat' dir='ltr'><strong>sni·</strong></span> 
     </span>
     <span class='ocr_line' id='line_1_34' title="bbox 201 3148 1331 3237; baseline 0.003 -23"><span class='ocrx_word' id='word_1_288' title='bbox 201 3166 323 3237; x_wconf 84' lang='lat' dir='ltr'><strong>ptorum</strong></span> <span class='ocrx_word' id='word_1_289' title='bbox 344 3154 519 3218; x_wconf 89' lang='lat' dir='ltr'><strong>similitudo.</strong></span> <span class='ocrx_word' id='word_1_290' title='bbox 564 3157 652 3217; x_wconf 88' lang='lat' dir='ltr'><strong>Certe</strong></span> <span class='ocrx_word' id='word_1_291' title='bbox 673 3155 749 3217; x_wconf 89' lang='lat' dir='ltr'><strong>baec</strong></span> <span class='ocrx_word' id='word_1_292' title='bbox 764 3154 885 3215; x_wconf 88' lang='lat' dir='ltr'><strong>nomina</strong></span> <span class='ocrx_word' id='word_1_293' title='bbox 906 3156 1057 3228; x_wconf 75' lang='grc' dir='ltr'><strong>Σισίνιος,</strong></span> <span class='ocrx_word' id='word_1_294' title='bbox 1078 3148 1233 3229; x_wconf 72' lang='grc' dir='ltr'><strong>Ἀκέσιος,</strong></span> <span class='ocrx_word' id='word_1_295' title='bbox 1253 3171 1331 3233; x_wconf 70' lang='lat' dir='ltr'><strong>qun·</strong></span> 
     </span>
     <span class='ocr_line' id='line_1_35' title="bbox 203 3240 1333 3320; baseline -0.001 -22"><span class='ocrx_word' id='word_1_296' title='bbox 203 3261 293 3320; x_wconf 89' lang='lat' dir='ltr'><strong>quam</strong></span> <span class='ocrx_word' id='word_1_297' title='bbox 313 3240 437 3318; x_wconf 85' lang='lat' dir='ltr'><strong>syllabis</strong></span> <span class='ocrx_word' id='word_1_298' title='bbox 459 3241 566 3301; x_wconf 90' lang='lat' dir='ltr'><strong>iisdem</strong></span> <span class='ocrx_word' id='word_1_299' title='bbox 589 3240 746 3318; x_wconf 89' lang='lat' dir='ltr'><strong>desinunt,</strong></span> <span class='ocrx_word' id='word_1_300' title='bbox 783 3251 881 3300; x_wconf 88' lang='lat' dir='ltr'><strong>tamen</strong></span> <span class='ocrx_word' id='word_1_301' title='bbox 899 3240 1084 3318; x_wconf 89' lang='lat' dir='ltr'><strong>reliquarum</strong></span> <span class='ocrx_word' id='word_1_302' title='bbox 1105 3240 1172 3299; x_wconf 86' lang='lat' dir='ltr'><strong>sere</strong></span> <span class='ocrx_word' id='word_1_303' title='bbox 1192 3241 1333 3300; x_wconf 73' lang='lat' dir='ltr'><strong>literam·</strong></span> 
     </span>
     <span class='ocr_line' id='line_1_36' title="bbox 203 3320 1333 3405; baseline 0 -21"><span class='ocrx_word' id='word_1_304' title='bbox 203 3335 354 3384; x_wconf 85' lang='lat' dir='ltr'><strong>structura</strong></span> <span class='ocrx_word' id='word_1_305' title='bbox 371 3325 414 3384; x_wconf 91' lang='lat' dir='ltr'><strong>sic</strong></span> <span class='ocrx_word' id='word_1_306' title='bbox 428 3327 508 3386; x_wconf 89' lang='lat' dir='ltr'><strong>inter</strong></span> <span class='ocrx_word' id='word_1_307' title='bbox 525 3346 558 3385; x_wconf 90' lang='lat' dir='ltr'><strong>se</strong></span> <span class='ocrx_word' id='word_1_308' title='bbox 574 3327 759 3405; x_wconf 88' lang='lat' dir='ltr'><strong>discrepant,</strong></span> <span class='ocrx_word' id='word_1_309' title='bbox 786 3336 820 3385; x_wconf 90' lang='lat' dir='ltr'><strong>ut</strong></span> <span class='ocrx_word' id='word_1_310' title='bbox 839 3345 900 3387; x_wconf 92' lang='lat' dir='ltr'><strong>uon</strong></span> <span class='ocrx_word' id='word_1_311' title='bbox 921 3329 1098 3384; x_wconf 85' lang='lat' dir='ltr'><strong>oscitantem</strong></span> <span class='ocrx_word' id='word_1_312' title='bbox 1118 3325 1251 3384; x_wconf 83' lang='lat' dir='ltr'><strong>scribam</strong></span> <span class='ocrx_word' id='word_1_313' title='bbox 1266 3320 1333 3384; x_wconf 81' lang='lat' dir='ltr'><strong>diffi-</strong></span> 
     </span>
     <span class='ocr_line' id='line_1_37' title="bbox 203 3404 1333 3490; baseline 0 -21"><span class='ocrx_word' id='word_1_314' title='bbox 203 3411 302 3469; x_wconf 88' lang='lat' dir='ltr'><strong>culter</strong></span> <span class='ocrx_word' id='word_1_315' title='bbox 317 3409 421 3469; x_wconf 86' lang='lat' dir='ltr'><strong>iallere</strong></span> <span class='ocrx_word' id='word_1_316' title='bbox 442 3431 529 3490; x_wconf 90' lang='lat' dir='ltr'><strong>posse</strong></span> <span class='ocrx_word' id='word_1_317' title='bbox 543 3411 712 3473; x_wconf 82' lang='lat' dir='ltr'><strong>videantur.</strong></span> <span class='ocrx_word' id='word_1_318' title='bbox 757 3412 815 3471; x_wconf 84' lang='lat' dir='ltr'><strong>Sed</strong></span> <span class='ocrx_word' id='word_1_319' title='bbox 830 3410 868 3470; x_wconf 89' lang='lat' dir='ltr'><strong>de</strong></span> <span class='ocrx_word' id='word_1_320' title='bbox 884 3410 941 3468; x_wconf 85' lang='lat' dir='ltr'><strong>isto</strong></span> <span class='ocrx_word' id='word_1_321' title='bbox 961 3410 1187 3490; x_wconf 87' lang='lat' dir='ltr'><strong>permutatione</strong></span> <span class='ocrx_word' id='word_1_322' title='bbox 1202 3411 1256 3470; x_wconf 81' lang='lat' dir='ltr'><strong>vix</strong></span> <span class='ocrx_word' id='word_1_323' title='bbox 1271 3404 1333 3469; x_wconf 73' lang='lat' dir='ltr'><strong>euti</strong></span> 
     </span>
     <span class='ocr_line' id='line_1_38' title="bbox 203 3494 1336 3576; baseline 0.004 -25"><span class='ocrx_word' id='word_1_324' title='bbox 203 3494 365 3573; x_wconf 88' lang='lat' dir='ltr'><strong>quicquam</strong></span> <span class='ocrx_word' id='word_1_325' title='bbox 386 3496 580 3573; x_wconf 90' lang='lat' dir='ltr'><strong>pronuntiare</strong></span> <span class='ocrx_word' id='word_1_326' title='bbox 600 3497 674 3557; x_wconf 91' lang='lat' dir='ltr'><strong>licet</strong></span> <span class='ocrx_word' id='word_1_327' title='bbox 697 3497 809 3576; x_wconf 85' lang='lat' dir='ltr'><strong>absque</strong></span> <span class='ocrx_word' id='word_1_328' title='bbox 836 3494 1001 3572; x_wconf 76' lang='lat' dir='ltr'><strong>benigniori</strong></span> <span class='ocrx_word' id='word_1_329' title='bbox 1024 3495 1172 3556; x_wconf 82' lang='lat' dir='ltr'><strong>Codicum</strong></span> <span class='ocrx_word' id='word_1_330' title='bbox 1196 3497 1336 3574; x_wconf 71' lang='lat' dir='ltr'><strong>ungues</strong></span> 
     </span>
     <span class='ocr_line' id='line_1_39' title="bbox 202 3578 1335 3662; baseline -0.001 -23"><span class='ocrx_word' id='word_1_331' title='bbox 202 3578 477 3657; x_wconf 90' lang='lat' dir='ltr'><strong>manuscriptorum</strong></span> <span class='ocrx_word' id='word_1_332' title='bbox 493 3583 597 3662; x_wconf 89' lang='lat' dir='ltr'><strong>copia,</strong></span> <span class='ocrx_word' id='word_1_333' title='bbox 620 3580 993 3661; x_wconf 82' lang='lat' dir='ltr'><strong>eorundemquediligenti</strong></span> <span class='ocrx_word' id='word_1_334' title='bbox 1013 3579 1239 3662; x_wconf 83' lang='lat' dir='ltr'><strong>collatione.“]</strong></span> <span class='ocrx_word' id='word_1_335' title='bbox 1276 3578 1335 3658; x_wconf 72' lang='lat' dir='ltr'><strong>tp·</strong></span> 
     </span>
     <span class='ocr_line' id='line_1_40' title="bbox 202 3662 1335 3747; baseline 0.002 -26"><span class='ocrx_word' id='word_1_336' title='bbox 202 3672 276 3722; x_wconf 87' lang='lat' dir='ltr'><strong>aunt</strong></span> <span class='ocrx_word' id='word_1_337' title='bbox 290 3662 383 3722; x_wconf 85' lang='lat' dir='ltr'><strong>verba</strong></span> <span class='ocrx_word' id='word_1_338' title='bbox 397 3664 458 3723; x_wconf 91' lang='lat' dir='ltr'><strong>Viri</strong></span> <span class='ocrx_word' id='word_1_339' title='bbox 476 3666 656 3742; x_wconf 88' lang='lat' dir='ltr'><strong>doctissimi,</strong></span> <span class='ocrx_word' id='word_1_340' title='bbox 683 3669 732 3726; x_wconf 90' lang='lat' dir='ltr'><strong>cui</strong></span> <span class='ocrx_word' id='word_1_341' title='bbox 750 3688 807 3747; x_wconf 91' lang='lat' dir='ltr'><strong>pro</strong></span> <span class='ocrx_word' id='word_1_342' title='bbox 819 3665 964 3725; x_wconf 86' lang='lat' dir='ltr'><strong>amicitiae</strong></span> <span class='ocrx_word' id='word_1_343' title='bbox 980 3667 1060 3738; x_wconf 90' lang='lat' dir='ltr'><strong>iure,</strong></span> <span class='ocrx_word' id='word_1_344' title='bbox 1083 3685 1164 3744; x_wconf 89' lang='lat' dir='ltr'><strong>quaa</strong></span> <span class='ocrx_word' id='word_1_345' title='bbox 1184 3665 1260 3726; x_wconf 82' lang='lat' dir='ltr'><strong>mibi</strong></span> <span class='ocrx_word' id='word_1_346' title='bbox 1277 3679 1335 3723; x_wconf 73' lang='lat' dir='ltr'><strong>c·</strong></span> 
     </span>
     <span class='ocr_line' id='line_1_41' title="bbox 203 3748 1334 3830; baseline 0 -21"><span class='ocrx_word' id='word_1_347' title='bbox 203 3767 241 3809; x_wconf 86' lang='lat' dir='ltr'><strong>ao</strong></span> <span class='ocrx_word' id='word_1_348' title='bbox 254 3767 369 3807; x_wconf 87' lang='lat' dir='ltr'><strong>summa</strong></span> <span class='ocrx_word' id='word_1_349' title='bbox 381 3748 557 3827; x_wconf 84' lang='lat' dir='ltr'><strong>intercedit,</strong></span> <span class='ocrx_word' id='word_1_350' title='bbox 578 3753 691 3813; x_wconf 87' lang='lat' dir='ltr'><strong>nodum</strong></span> <span class='ocrx_word' id='word_1_351' title='bbox 712 3750 794 3811; x_wconf 89' lang='lat' dir='ltr'><strong>buno</strong></span> <span class='ocrx_word' id='word_1_352' title='bbox 810 3750 1028 3830; x_wconf 84' lang='lat' dir='ltr'><strong>expediendum</strong></span> <span class='ocrx_word' id='word_1_353' title='bbox 1044 3748 1202 3829; x_wconf 74' lang='lat' dir='ltr'><strong>delegavi,</strong></span> <span class='ocrx_word' id='word_1_354' title='bbox 1223 3750 1334 3829; x_wconf 67' lang='lat' dir='ltr'><strong>digna·</strong></span> 
     </span>
     <span class='ocr_line' id='line_1_42' title="bbox 202 3829 1337 3916; baseline 0.003 -24"><span class='ocrx_word' id='word_1_355' title='bbox 202 3833 319 3892; x_wconf 89' lang='lat' dir='ltr'><strong>scilicet</strong></span> <span class='ocrx_word' id='word_1_356' title='bbox 336 3854 373 3893; x_wconf 88' lang='lat' dir='ltr'><strong>eo</strong></span> <span class='ocrx_word' id='word_1_357' title='bbox 392 3833 531 3916; x_wconf 73' lang='lat' dir='ltr'><strong>vindice,</strong></span> <span class='ocrx_word' id='word_1_358' title='bbox 552 3848 633 3899; x_wconf 87' lang='lat' dir='ltr'><strong>certe</strong></span> <span class='ocrx_word' id='word_1_359' title='bbox 647 3837 866 3914; x_wconf 79' lang='lat' dir='ltr'><strong>difficiliorem,</strong></span> <span class='ocrx_word' id='word_1_360' title='bbox 887 3855 977 3916; x_wconf 85' lang='lat' dir='ltr'><strong>quam</strong></span> <span class='ocrx_word' id='word_1_361' title='bbox 998 3844 1036 3894; x_wconf 92' lang='lat' dir='ltr'><strong>ut</strong></span> <span class='ocrx_word' id='word_1_362' title='bbox 1055 3834 1125 3916; x_wconf 88' lang='lat' dir='ltr'><strong>ipss</strong></span> <span class='ocrx_word' id='word_1_363' title='bbox 1145 3856 1269 3916; x_wconf 74' lang='lat' dir='ltr'><strong>poam</strong></span> <span class='ocrx_word' id='word_1_364' title='bbox 1283 3829 1337 3895; x_wconf 72' lang='lat' dir='ltr'><strong>sel»</strong></span> 
     </span>
     <span class='ocr_line' id='line_1_43' title="bbox 202 3935 439 3981; baseline 0.008 -2"><span class='ocrx_word' id='word_1_365' title='bbox 202 3935 282 3980; x_wconf 83' lang='lat' dir='ltr'><strong>vere.</strong></span> <span class='ocrx_word' id='word_1_366' title='bbox 325 3938 439 3981; x_wconf 83' lang='lat' dir='ltr'><strong>norum.</strong></span> 
     </span>
    </p>

    <p class='ocr_par' dir='ltr' id='par_1_4' title="bbox 290 4002 1341 4089">
     <span class='ocr_line' id='line_1_44' title="bbox 290 4002 1341 4089; baseline 0.001 -24"><span class='ocrx_word' id='word_1_367' title='bbox 290 4008 362 4085; x_wconf 73' lang='lat' dir='ltr'><strong>Pag.</strong></span> <span class='ocrx_word' id='word_1_368' title='bbox 385 4008 463 4079; x_wconf 80' lang='grc'><strong>999,</strong></span> <span class='ocrx_word' id='word_1_369' title='bbox 485 4011 536 4071; x_wconf 81' lang='grc'><strong>91.</strong></span> <span class='ocrx_word' id='word_1_370' title='bbox 582 4011 612 4067; x_wconf 88' lang='grc' dir='ltr'>Γ</span> <span class='ocrx_word' id='word_1_371' title='bbox 605 4002 761 4089; x_wconf 75' lang='grc' dir='ltr'>ρηγόριος]</span> <span class='ocrx_word' id='word_1_372' title='bbox 784 4007 818 4065; x_wconf 90' lang='lat' dir='ltr'><strong>In</strong></span> <span class='ocrx_word' id='word_1_373' title='bbox 835 4005 953 4065; x_wconf 90' lang='lat' dir='ltr'><strong>laudem</strong></span> <span class='ocrx_word' id='word_1_374' title='bbox 966 4003 1138 4065; x_wconf 76' lang='lat' dir='ltr'><strong>Athanasii.</strong></span> <span class='ocrx_word' id='word_1_375' title='bbox 1173 4024 1287 4066; x_wconf 76' lang='grc' dir='ltr'><strong>ιοιπι</strong></span> <span class='ocrx_word' id='word_1_376' title='bbox 1335 4040 1341 4052; x_wconf 69' lang='lat'><strong>.</strong></span> 
     </span>
    </p>

    <p class='ocr_par' dir='ltr' id='par_1_5' title="bbox 203 4083 1342 4257">
     <span class='ocr_line' id='line_1_45' title="bbox 289 4083 1342 4174; baseline -0.006 -17"><span class='ocrx_word' id='word_1_377' title='bbox 289 4092 361 4169; x_wconf 74' lang='lat'><em>1²03·</em></span> <span class='ocrx_word' id='word_1_378' title='bbox 382 4094 460 4165; x_wconf 80' lang='grc'><strong>939,</strong></span> <span class='ocrx_word' id='word_1_379' title='bbox 480 4096 531 4158; x_wconf 78' lang='grc'><strong>99.</strong></span> <span class='ocrx_word' id='word_1_380' title='bbox 571 4083 669 4174; x_wconf 74' lang='grc' dir='ltr'><strong><em>Ἐκεῖ]</em></strong></span> <span class='ocrx_word' id='word_1_381' title='bbox 683 4113 685 4117; x_wconf 54' lang='lat'><strong><em>⁴</em></strong></span> <span class='ocrx_word' id='word_1_382' title='bbox 697 4093 721 4154; x_wconf 93' lang='lat' dir='ltr'><strong>I.</strong></span> <span class='ocrx_word' id='word_1_383' title='bbox 741 4115 766 4154; x_wconf 89' lang='lat' dir='ltr'><strong>e.</strong></span> <span class='ocrx_word' id='word_1_384' title='bbox 785 4093 815 4150; x_wconf 92' lang='lat' dir='ltr'><strong>in</strong></span> <span class='ocrx_word' id='word_1_385' title='bbox 838 4090 1097 4170; x_wconf 82' lang='lat' dir='ltr'><strong>contingentibus,</strong></span> <span class='ocrx_word' id='word_1_386' title='bbox 1124 4090 1161 4150; x_wconf 86' lang='lat' dir='ltr'><strong>in</strong></span> <span class='ocrx_word' id='word_1_387' title='bbox 1181 4091 1269 4153; x_wconf 85' lang='lat' dir='ltr'><strong>bouis</strong></span> <span class='ocrx_word' id='word_1_388' title='bbox 1285 4104 1342 4151; x_wconf 66' lang='lat' dir='ltr'>n</span> 
     </span>
     <span class='ocr_line' id='line_1_46' title="bbox 203 4166 1341 4257; baseline 0.008 -26"><span class='ocrx_word' id='word_1_389' title='bbox 203 4175 388 4236; x_wconf 86' lang='lat' dir='ltr'><strong>necessariis.</strong></span> <span class='ocrx_word' id='word_1_390' title='bbox 411 4175 487 4234; x_wconf 86' lang='lat' dir='ltr'><strong>Vide</strong></span> <span class='ocrx_word' id='word_1_391' title='bbox 502 4196 591 4254; x_wconf 83' lang='lat' dir='ltr'><strong>supra</strong></span> <span class='ocrx_word' id='word_1_392' title='bbox 604 4176 655 4237; x_wconf 92' lang='lat' dir='ltr'><strong>lib.</strong></span> <span class='ocrx_word' id='word_1_393' title='bbox 671 4176 748 4237; x_wconf 87' lang='lat' dir='ltr'><strong>VIII.</strong></span> <span class='ocrx_word' id='word_1_394' title='bbox 764 4197 828 4257; x_wconf 90' lang='lat' dir='ltr'><strong>cap.</strong></span> <span class='ocrx_word' id='word_1_395' title='bbox 844 4175 906 4235; x_wconf 89' lang='lat' dir='ltr'><strong>Vll.</strong></span> <span class='ocrx_word' id='word_1_396' title='bbox 920 4184 993 4234; x_wconf 80' lang='lat' dir='ltr'><strong>sect.</strong></span> <span class='ocrx_word' id='word_1_397' title='bbox 1006 4181 1038 4240; x_wconf 76' lang='lat'><strong>2.</strong></span> <span class='ocrx_word' id='word_1_398' title='bbox 1050 4175 1155 4237; x_wconf 80' lang='lat' dir='ltr'><strong>initio.</strong></span> <span class='ocrx_word' id='word_1_399' title='bbox 1173 4166 1286 4239; x_wconf 62' lang='lat' dir='ltr'><strong>imm</strong></span> <span class='ocrx_word' id='word_1_400' title='bbox 1337 4201 1341 4216; x_wconf 69' lang='lat'><strong>⁴</strong></span> 
     </span>
    </p>

    <p class='ocr_par' dir='ltr' id='par_1_6' title="bbox 289 4255 1339 4348">
     <span class='ocr_line' id='line_1_47' title="bbox 289 4255 1339 4348; baseline 0.012 -32"><span class='ocrx_word' id='word_1_401' title='bbox 289 4255 412 4320; x_wconf 78' lang='lat' dir='ltr'><strong>Ibidem.</strong></span> <span class='ocrx_word' id='word_1_402' title='bbox 454 4259 498 4325; x_wconf 77' lang='lat' dir='ltr'><strong>El</strong></span> <span class='ocrx_word' id='word_1_403' title='bbox 528 4258 549 4328; x_wconf 81' lang='grc' dir='ltr'><em>ὁ</em></span> <span class='ocrx_word' id='word_1_404' title='bbox 579 4255 703 4326; x_wconf 74' lang='grc' dir='ltr'><strong><em>πάντων</em></strong></span> <span class='ocrx_word' id='word_1_405' title='bbox 731 4261 795 4328; x_wconf 70' lang='grc' dir='ltr'><strong>ἐκεῖ</strong></span> <span class='ocrx_word' id='word_1_406' title='bbox 820 4256 1000 4343; x_wconf 61' lang='lat' dir='ltr'><strong>emundetis</strong></span> <span class='ocrx_word' id='word_1_407' title='bbox 1032 4257 1072 4325; x_wconf 78' lang='lat' dir='ltr'><strong>nt</strong></span> <span class='ocrx_word' id='word_1_408' title='bbox 1097 4265 1158 4330; x_wconf 67' lang='lat' dir='ltr'><strong>sud</strong></span> <span class='ocrx_word' id='word_1_409' title='bbox 1187 4263 1266 4348; x_wconf 54' lang='lat' dir='ltr'><strong>§Itu</strong></span> <span class='ocrx_word' id='word_1_410' title='bbox 1284 4278 1339 4344; x_wconf 56' lang='grc' dir='ltr'><em>η</em></span> 
     </span>
    </p>
   </div>
   <div class='ocr_carea' id='block_1_4' title="bbox 0 0 1400 4748">
    <p class='ocr_par' dir='ltr' id='par_1_7' title="bbox 0 0 1400 4748">
     <span class='ocr_line' id='line_1_48' title="bbox 0 0 1400 4748; baseline 0 0"><span class='ocrx_word' id='word_1_411' title='bbox 0 0 1400 4748; x_wconf 95' lang='lat' dir='ltr'><strong> </strong></span> 
     </span>
    </p>
   </div>
  </div>
 </body>
</html>
