2798 4754
459 335 817 416 tuuoTtntonns.
874 379 876 384 Α
1102 339 1199 415 1226

145 504 215 584 Peg.
236 503 314 578 293,
337 505 367 570 t.
411 503 639 577 Κανσταντῖυος
655 496 722 569 did
741 496 902 585 δεσπότης]
932 505 1089 570 Cantacus.
1109 507 1162 572 lib.
1176 507 1198 568 l.

57 606 126 667 cap.
145 592 173 655 1.
204 588 280 647 Vide
296 598 419 649 stemma
438 589 606 669 Palaeolog.
624 607 689 669 pag.
705 591 778 656 235.
819 609 951 650 numne.
1125 617 1128 621 ’

57 757 86 818 V
146 676 218 753 Pog-
242 675 321 749 293,
344 680 374 740 1·
418 668 467 737 'Er
484 678 539 757 τῆς
554 675 700 758 προτέρας
712 670 872 757 γυναικὸς]
894 673 968 734 Vide
983 674 1036 739 lib.
1050 674 1115 742 Vll.
1128 690 1196 760 cap.

86 767 183 819 ,seco
202 763 230 822 1.
272 777 390 821 solvan.

145 845 217 920 Peg·
239 844 318 918 294,
341 849 391 912 20.
414 836 567 916 Εὕδοκίας
583 842 842 926 Παλαιολογένης]
863 844 1089 906 Neocaesaritae
1105 845 1198 907 Primi

58 948 77 986 a
91 927 216 985 secretis
231 927 324 1004 tiliae,
347 929 532 989 Constantini
549 928 714 1007 Palaeologi
730 930 878 1010 Despotas
892 930 1011 1005 uxoria,
1034 951 1068 990 ac
1081 952 1119 992 ex
1137 933 1197 992 alio

57 1011 256 1070 Constantino
278 1023 341 1072 tum
356 1014 479 1087 viduae,
502 1013 582 1073 uude
597 1010 811 1093 Polaeologinn
827 1014 878 1074 hic
895 1015 1137 1094 cognominatur,
1159 1037 1198 1079 ex

55 1095 162 1177 priore
181 1097 328 1174 coniugio.
351 1099 427 1159 Vide
442 1098 522 1158 idem
538 1107 671 1158 stemma.
715 1118 847 1163 runcano.
869 1107 871 1111 '

146 1183 217 1260 Peg·
241 1182 318 1258 294,
341 1187 393 1250 23.
414 1182 823 1266 ‘transnominationem
845 1183 1103 1259 Adulescentibus,
1120 1203 1197 1263 qnos

55 1258 317 1344 ἆρχουτοπούδους
344 1268 509 1342 vocabant,
543 1267 633 1341 νέους
654 1272 716 1330 τοῖν
736 1262 941 1350 εὐπατριδῶν,
973 1271 1198 1330 Cantacuzenus

55 1351 112 1409 lib.
135 1350 170 1413 ll.
195 1351 329 1430 ⁰³1).th-
350 1353 439 1426 νέους
463 1358 526 1416 τοῖν
545 1347 773 1434 εὐγενεστέραν,
794 1353 920 1419 libili.
944 1374 1011 1436 cap.
1028 1353 1081 1421 43.
1122 1353 1198 1418 Vide

56 1435 161 1494 Gloss.
177 1435 255 1495 med.
270 1436 402 1500 Graecit.
416 1440 446 1498 in
466 1437 523 1498 lanc
542 1458 628 1499 voce.
669 1459 802 1500 nucsuo.

146 1525 217 1601 Pog.
239 1522 318 1596 295,
342 1529 391 1590 10.
434 1524 468 1582 ld
483 1522 564 1603 quod
578 1523 680 1582 deerat
694 1523 725 1582 in
742 1524 871 1585 editione
889 1520 1052 1600 Wolliana,
1074 1524 1199 1605 supple·

54 1605 159 1664 vimus
181 1626 218 1665 ex
238 1606 349 1667 Codice
371 1608 471 1687 Regio.
511 1606 571 1668 Sed
593 1617 624 1668 et
644 1593 815 1668 Friderious
836 1609 1065 1688 Roetgaardius,
1090 1610 1198 1670 nobilis

54 1691 175 1765 Danas,
197 1690 245 1749 cui
269 1701 299 1751 et
316 1713 363 1753 ms
380 1704 410 1754 et
426 1695 586 1771 Gregoram
605 1694 698 1752 multa
721 1693 829 1754 debere
850 1693 883 1752 in
905 1694 1090 1773 praefatione
1108 1693 1198 1755 huius

55 1774 161 1855 operis
176 1777 330 1855 protessus
344 1799 424 1854 sum,
446 1779 524 1838 idem
539 1776 868 1858 bocsupplementum,
891 1799 929 1838 ex
946 1779 1056 1838 Codice
1073 1778 1199 1840 Vatica-

54 1880 97 1919 no
122 1859 321 1940 descriptum,
357 1865 449 1945 Roma
477 1861 514 1922 ad
538 1883 584 1922 me
608 1864 703 1922 misit:
734 1884 769 1923 ac
790 1852 967 1945 iampridem
995 1863 1072 1923 illud
1097 1864 1198 1945 ipsum

54 1943 163 2024 Steph.
181 1946 321 2006 Baluzius
337 1968 376 2008 ex
391 1948 496 2010 eodem
509 1947 584 2008 coo.
600 1947 732 2009 describi
751 1959 907 2010 curaverat
921 1950 952 2009 in
971 1968 1060 2010 usum
1074 1951 1199 2010 Ducan-

55 2049 111 2108 gn.
153 2050 269 2092 norvia.

149 2117 219 2221 ξος.
242 2120 320 2191 296,
342 2121 395 2183 20.
410 2110 527 2214 ,Πατὴρ
545 2112 578 2177 δέ
597 2120 658 2178 τοῖν
673 2115 706 2178 έιι
721 2111 874 2197 Κομᾶναν
889 2116 1049 2195 ἐπίσημος,
1070 2119 1102 2181 οἳ
1116 2113 1199 2196 παρδ

55 2199 1200 2368 itt?tsttftlit'attilii,{51:233titt'ss'tt'tt‘lztt

57 2389 102 2428 en·
119 2365 314 2450 Hyperboreis
328 2367 452 2444 Scythis,
475 2372 520 2429 uti
534 2391 622 2451 supro
642 2372 873 2445 memoravimus,
894 2366 936 2428 orl
951 2365 1089 2429 Ioannem
1110 2373 1200 2451 impe.

57 2466 188 2510 retorem
204 2477 262 2513 sese
278 2451 494 2517 transtulerant.
541 2454 736 2528 vertendum,
758 2455 799 2514 ita
816 2464 850 2513 ut
867 2452 1030 2527 edidimus,
1055 2457 1142 2514 Pater
1163 2452 1200 2514 il-

56 2533 149 2597 lustri
169 2533 235 2598 loco
252 2536 420 2598 oriundaee
440 2535 588 2612 Comanis,
609 2536 672 2599 illie
685 2535 807 2611 scilicet,
829 2540 881 2621 qui
899 2552 967 2598 onte
979 2535 1088 2597 multos
1105 2560 1201 2599 onnes

57 2643 102 2680 ex
119 2617 316 2702 Hyperboreis
328 2620 462 2700 Scythis,
478 2633 535 2687 etc.
579 2624 643 2683 Non
659 2624 769 2702 legerat
784 2623 924 2683 Petavius
944 2643 977 2683 ea
995 2642 1071 2702 quae
1084 2621 1122 2684 de
1136 2625 1200 2683 Co-

59 2705 158 2764 manis
174 2707 284 2786 scripta
300 2717 369 2764 sunt
384 2728 474 2787 supra
490 2708 541 2768 lib.
559 2709 597 2768 ll.
612 2728 678 2789 cap.
697 2708 730 2771 V.
751 2718 823 2772 sect.
837 2715 867 2775 2.
908 2727 1026 2771 notras.

150 2795 222 2873 Pog-
244 2795 323 2867 296,
346 2798 396 2857 22.
426 2787 550 2878 Ἰωάννῃ
563 2798 604 2879 τῷ
619 2794 738 2873 βασιλεῖ
749 2786 1000 2877 προοερρόησαν]
1023 2791 1071 2853 dd
1087 2794 1200 2855 Ducam

0 2892 22 2950 j
59 2875 187 2936 scilicet.
211 2875 284 2935 Vide
298 2895 389 2955 supra
403 2877 456 2939 lib.
472 2878 508 2937 ll.
525 2898 590 2958 cop.
607 2877 642 2937 V.
658 2888 729 2940 sect.
744 2885 774 2946 2.
817 2897 929 2939 antean.

10 2980 21 3026 Γ
146 2957 219 3042 Pssg·
240 2965 318 3037 301,
340 2964 371 3026 8.
411 2960 445 3023 Ὁ
458 2959 512 3041 μέν
524 2967 563 3046 τῇ
583 2968 639 3024 τοῦ
655 2957 785 3044 μεγάλου
806 2960 942 3045 παπέου]
966 2962 1008 3023 De
1022 2961 1080 3022 bac
1100 2961 1200 3041 Magni

59 3042 187 3124 Papiae,
215 3057 244 3105 et
258 3046 323 3105 aliis
339 3044 391 3105 bic
405 3048 574 3107 memoratis
584 3048 725 3127 palatinis
739 3048 948 3127 dignitatibus,
970 3047 1084 3127 agimus
1093 3047 1124 3107 in
1133 3048 1200 3109 eod.

59 3132 161 3190 Gloss.
204 3151 334 3191 nocero.

150 3219 223 3296 Pssg·
246 3219 327 3291 303,
350 3219 399 3282 11.
441 3212 477 3278 ‘0
499 3213 601 3296 μέντοι
623 3214 787 3299 λογοθέτης
805 3221 861 3281 τοῦ
883 3216 1025 3299 γενικοῦ]
1052 3215 1202 3275 'llaeodo-

59 3321 115 3361 rua
137 3299 316 3375 bletoclsita,
344 3321 362 3357 n
383 3318 443 3378 qno
469 3301 665 3362 instauratum
688 3300 804 3363 Cborae
829 3302 1057 3376 monasterium,
1079 3321 1202 3362 rursum

60 3406 128 3464 cap.
144 3405 208 3463 seq.
229 3396 262 3446 ut
283 3394 313 3445 et
328 3385 469 3445 docemus
488 3385 520 3445 in
537 3386 763 3468 Cerastantinop.
785 3387 894 3449 Christ.
911 3385 1201 3450 lib.1v.seetxv.

58 3492 91 3531 n.
108 3470 139 3535 5.
182 3491 310 3532 numus.
1080 3488 1081 3492 ’

151 3557 193 3615 Pa
216 3599 224 3617 ·
246 3559 325 3631 803,
348 3558 398 3621 13
444 3551 507 3634 Τήν
520 3553 551 3629 έξ
574 3553 701 3635 ἑσπέρας
724 3555 909 3636 παννυχίδα]
931 3556 1097 3634 interpres,
1117 3577 1137 3614 o
1155 3575 1203 3613 ve·

58 3661 148 3724 spero
163 3662 181 3699 a
221 3655 366 3700 nocturno
380 3660 467 3701 sacro
481 3637 536 3699 illo
550 3636 589 3700 de
601 3662 681 3700 more
694 3642 832 3701 occessit:
854 3641 1085 3716 emendavimus,
1105 3637 1147 3699 od
1158 3660 1204 3698 ue-

56 3744 167 3809 ηκτοι
180 3721 262 3785 illiue
282 3723 411 3805 vigilios.
434 3745 565 3784 nncsno.
607 3724 741 3800 Wolfius,
761 3723 803 3782 od
818 3741 963 3787 nocturno
976 3747 1075 3787 sacro.
1096 3725 1203 3784 Melius

56 3813 200 3885 Ducang.
218 3806 259 3868 od
277 3806 360 3869 illias
376 3831 509 3891 vesperos
524 3805 652 3889 vigilios.
695 3829 811 3870 notras.

148 3898 226 3975 Peg.
248 3897 325 3969 308,
347 3901 399 3962 22.
443 3887 682 3976 Πελειιυφόραν]
716 3892 940 3978 Vorongoram,
975 3892 1014 3954 de
1041 3894 1151 3974 quibus
1172 3893 1204 3952 in

57 3990 196 4059 uta-oque
210 3979 362 4039 Glossario
377 3979 470 4038 multa
489 3980 700 4055 congessimus.
744 4000 875 4040 ooosuo.

151 4067 229 4143 Peg.
251 4064 330 4138 304,
354 4068 402 4128 10.
446 4059 514 4143 Πρδ
528 4068 584 4125 τοῦ
599 4060 756 4146 adsensioni
774 4070 829 4143 τῆς
842 4065 1015 4128 Νινιοποιοῦ
1031 4052 1202 4134 Gentinos]

59 4150 186 4227 Quibus
195 4148 318 4209 uocibus
329 4148 456 4226 intelligi
466 4147 568 4209 aedem
576 4147 771 4229 llodegetriae
780 4151 940 4229 nuperae,
950 4145 1091 4221 colligere
1104 4144 1205 4221 quivis

59 4244 171 4319 potest
200 4252 238 4292 ex
260 4234 297 4292 iis
325 4253 402 4312 quae
426 4234 619 4295 observamus
645 4236 677 4294 in
700 4235 924 4316 coarctantinop.
946 4231 1057 4292 Christ.
1087 4227 1205 4289 lintis.

60 4331 143 4383 sect·
160 4317 196 4379 lb
212 4317 306 4385 ιι.24.
346 4337 477 4382 onemo.

137 4416 299 4487 unnim·
312 4417 424 4490 drogon
446 4416 504 4473 Vol.
517 4416 553 4474 11.
717 4484 722 4494 ¹
957 4404 1000 4468 78
