2708 4762
352 321 720 392 -ANNOTATIONES
999 317 1097 391 1299

54 479 84 539 ‚is
96 479 210 557 faetns3
233 498 403 560 quanquam
417 481 507 541 iidem
523 490 644 561 postea,
665 481 730 541 aius
754 472 930 544 testimoniis
950 484 988 544 ad
1012 504 1100 545 suum

54 587 88 625 ,m
114 566 358 641 accommodatis,
385 567 467 626 miris
491 567 631 627 laudibus
655 567 751 646 ipsum
773 570 953 629 ornaverint.
996 572 1102 630 Exstat

60 652 233 728 Gregoram
249 652 279 709 in
301 653 378 711 libro
394 653 529 712 nondum
550 653 630 712 edito
646 648 735 737 (eod.
750 654 820 731 fleg.
838 656 931 721 2952.
946 656 997 716 tot.
1016 653 1103 735 157.)

56 757 70 795 ι
84 737 204 814 querela
217 735 255 795 de
270 737 412 797 Palamita
427 737 553 817 quodam
562 782 571 814 ,
593 736 646 817 qui
668 737 704 798 de
719 736 878 798 Theodoro
896 742 1009 820 Grapto
1023 741 1104 799 etde

53 820 142 882 libris
151 832 210 881 nott
226 822 298 880 satis
310 834 483 900 reverenter
498 824 681 901 loqueretur.
722 821 825 904 Ecqua
836 827 914 883 enim
936 826 1106 904 (inquiebat

54 927 112 966 nas
133 911 275 982 sectator)
304 909 384 968 nouit
407 906 490 967 illum
508 905 656 970 ecelesia?
680 905 753 986 Quis
767 923 931 968 raucorum
945 909 1107 970 illius'un·

54 1014 63 1050 ι
84 989 239 1052 neminie?
258 986 341 1051 ¹Turn
364 992 507 1069 addebat,
528 1013 715 1074 quaecunque
733 995 759 1052 is
774 1007 877 1052 contra
893 991 1108 1054 iconomachos

54 1091 86 1135 ta
99 1078 294 1177 composuisse
309 1074 459 1153 diceretur,
482 1100 517 1137 ea
529 1076 675 1137 erroribus
685 1080 867 1157 grauissimis
877 1083 995 1139 scatere.
1020 1075 1110 1155 Quod

54 1164 74 1220 ii
87 1164 219 1261 quipiam
232 1160 401 1222 nonnulla
388 1166 615 1222 anterserua'ssent
633 1165 732 1241 spuria
749 1177 776 1219 et
798 1166 1000 1242 supposititia,
1022 1179 1049 1221 et
1072 1165 1110 1221 iis

54 1269 79 1304 m
97 1243 216 1306 illiue·
204 1249 432 1327 inscripsissent,
463 1250 557 1327 ipsum
581 1247 696 1331 quidem
716 1246 939 1326 irreprehensum
957 1247 1110 1334 futurum,

54 1333 117 1390 item
130 1331 190 1389 eius
204 1328 316 1393 libr-ose
307 1333 381 1390 ·sirr
396 1355 430 1391 ea
444 1334 504 1391 eius
515 1349 606 1391 essent
620 1334 715 1412 reipsa
729 1347 754 1390 et
771 1328 984 1407 indubitate,
972 1355 1030 1391 mm
1047 1352 1111 1390 eum

54 1412 69 1475 l
85 1434 150 1475 cum
169 1411 468 1489 liburnicarum,
489 1428 522 1475 et
533 1419 565 1474 in
582 1416 788 1478 haeretieorum
804 1437 920 1477 numero
936 1415 1112 1498 ponendum.

54 1501 217 1559 :Palsmita
231 1501 330 1574 illa,'
322 1521 352 1559 sn
366 1521 454 1580 quem
470 1502 618 1580 Gregoras
630 1502 749 1561 acribus
762 1501 864 1559 verbis
879 1500 1032 1561 invehitur
1039 1545 1051 1574 ,
1073 1502 1113 1560 ad

56 1605 217 1646 acuaenum
237 1584 337 1665 ipsum
355 1597 528 1650 conversus.
572 1585 697 1668 Ecquem
725 1585 815 1660 Tu,
807 1588 921 1665 inquit,
943 1584 1021 1647 hunc
1035 1584 1114 1645 dere

54 1694 63 1725 ι
75 1694 106 1729 aa
126 1684 260 1729 sanctum
278 1668 364 1728 illum
381 1670 497 1741 Patrem
512 1675 726 1752 sapientemque
738 1667 884 1731 doctorem
897 1692 996 1730 armas
1009 1692 1114 1730 nauum

54 1753 213 1830 liloclrum,
234 1776 271 1814 ac
283 1757 383 1834 potius
395 1754 575 1817 Archilochi
586 1753 772 1818 ιίιιιίιιηιὲ..
782 1753 875 1817 ,θυι
887 1755 958 1816 haec
967 1769 1117 1836 praesente

54 1838 239 1898 lustraremus
245 1837 487 1922 furibundusque
500 1839 694 1901 homunculus
714 1798 865 1903 euomuit?
886 1852 944 1901 etc.
986 1840 1074 1914 (Vide
1089 1847 1119 1899 et

54 1933 120 1982 »tata
139 1924 213 1981 insrn
230 1924 268 1982 ad
282 1945 348 2003 pag.
368 1929 439 1990 598.
454 1924 500 2004 tt)
542 1927 609 1984 Non
623 1926 730 1984 mirum
744 1925 846 2005 itaque
859 1925 994 1987 homines
1007 1927 1120 2004 impro-

85 2010 186 2086 qualss
216 2009 259 2067 illi
280 2009 421 2069 videntur
448 2010 557 2085 luisse,
585 2009 817 2069 vetustissimum
841 2012 981 2070 (iadicem
1007 2020 1119 2084 nactos,

54 2095 181 2152 auctoris
202 2115 308 2153 nomen
325 2115 384 2152 non
403 2104 479 2154 esset
494 2095 691 2175 inscriptum,
714 2115 819 2153 nonaen
841 2096 1014 2176 praefixisse
1032 2095 1119 2170 illud,

54 2180 67 2237 l
82 2179 300 2238 arbitrarentur
314 2182 513 2260 contemptius
528 2181 744 2258 obscuriusque
754 2199 827 2254 esse,
838 2201 938 2260 ,quam
955 2189 1121 2257 utmagnus

54 2284 91 2323 ‚ra
109 2285 159 2322 sos
176 2265 360 2324 auctoritatis
377 2285 439 2323 esse
453 2276 563 2346 posset.
596 2265 635 2324 Ut
649 2275 685 2324 ut
697 2265 747 2340 sit,
769 2265 957 2325 manifestum
975 2274 1055 2324 certe
1067 2275 1122 2338 ast,

54 2350 196 2431 spoletum
220 2349 312 2409 fuisse
330 2350 448 2409 Codicis
468 2351 665 2430 antiquissimi
684 2350 823 2424 titulum,
845 2349 1036 2429 additumque
1059 2369 1124 2408 esse

57 2435 147 2495 ntiori
167 2455 265 2512 manu,
286 2444 320 2493 ut
334 2434 480 2511 diximus,
502 2458 565 2497 sam
586 2437 703 2511 lineam,
723 2437 827 2514 inqua
846 2435 998 2495 Theodori
1017 2433 1125 2512 Grapti

54 2541 95 2585 en
110 2516 232 2598 legitur,
275 2522 418 2600 Superest
440 2522 498 2581 iam
515 2532 549 2580 ut
571 2521 777 2591 ostendamus,
800 2521 965 2594 librorum,
986 2542 1021 2579 eo
1038 2521 1126 2577 volu·

54 2627 67 2665 a
94 2605 396 2685 comprehensorum,
426 2617 578 2668 auctorem
609 2628 672 2666 esse
691 2604 891 2687 patriarcham
912 2604 1127 2685 Nicephorum.

54 2713 89 2751 no
105 2701 222 2750 constat
236 2690 438 2770 Nicephorum
461 2695 551 2752 multa
573 2714 629 2773 pro
651 2691 827 2782 imaginibus
850 2702 953 2751 contra
974 2693 1127 2751 iconoma-

54 2797 64 2835 s
89 2776 178 2835 variis
201 2776 385 2875 temporibus
406 2776 516 2855 scripta
546 2777 693 2837 edidisse.
730 2776 859 2852 lgnatius
883 2779 1047 2857 Diaconus,
1076 2773 1129 2854 qni

71 2861 160 2921 vitam
174 2862 303 2942 scripsit,
327 2882 394 2920 eum
409 2862 450 2920 ait
462 2863 613 2940 aliquanto
626 2872 694 2941 post
709 2862 866 2922 Nicaenam
881 2863 1044 2967 Synodum,
1061 2881 1128 2921 curn

54 2955 70 3005 t
103 2945 201 3007 adhuc
221 2949 333 3021 laicus,
361 2947 390 3004 in
413 2946 483 3006 lidei
505 2947 634 3007 hostes
626 2947 833 3052 insurrexisse.
855 2941 920 3011 τότε
939 2944 993 3027 dq,
1021 2947 1131 3052 iqquit,

58 3028 126 3112 6μὲ
126 3058 180 3114 paq
193 3027 391 3138 libaqqo‘poc,
411 3056 447 3093 τα
440 3027 552 3135 νίκης
567 3029 780 3135 ἐπιφερόμενος
794 3028 960 3139 oriunturque,
980 3027 1054 3094 suad
1070 3037 1132 3093 asir

66 3120 193 3192 πίστεως
219 3110 515 3222 insultaveris
531 3142 561 3178 τι
588 3116 641 3179 καὶ
669 3112 850 3181 ἐνυάλιον’
811 3112 1009 3226 ανειιρούετο
1034 3115 1132 3198 μέλος,

55 3197 126 3265 orde
161 3200 238 3266 εἶναι
269 3222 468 3281 πιστουμενος
495 3197 716 3308 cinrquqcmrov
745 3200 819 3267 sard
846 3200 880 3265 ad
901 3206 957 3282 τῆς
977 3199 1133 3282 θεότητος,

57 3292 114 3348 οὖν
145 3313 197 3351 scr
186 3282 393 3366 iriaeque
430 3284 630 3395 neqqpqnao'v
658 3286 690 3351 δὲ
710 3288 761 3350 καὶ
781 3283 1006 3399 yquaadvsurc
1025 3283 1135 3366 τὸτῆς

54 3368 243 3454 ρωπὸιηιος,
271 3367 365 3435 riarde
386 3395 417 3434 τε
438 3371 489 3434 καὶ
514 3369 682 3451 σύνθετον,
717 3368 763 3447 οἷς
782 3399 815 3437 το
840 3373 1077 3447 εἰκονίζεσθαι’
1061 3396 1135 3448 αρα-

54 3482 93 3531 ως
115 3452 367 3538 tauromenium.
413 3457 529 3532 Quibus
542 3459 649 3537 Ignatii
667 3459 768 3518 verbis
787 3458 913 3519 indicari
929 3466 1003 3555 puto
1018 3454 1137 3538 Apolo-

54 3567 77 3599 m
90 3567 145 3623 pro
162 3542 242 3605 Fide.
286 3544 321 3603 ln
338 3543 487 3623 Synodica
503 3545 639 3624 Epistola
659 3545 855 3604 Orientalium
871 3545 908 3603 ad
928 3543 1136 3624 imperatorem

54 3627 199 3707 sophilum
228 3640 410 3689 memoratur
435 3629 510 3690 liber
533 3640 637 3689 carrtra
662 3628 815 3689 Christi
806 3630 961 3707 amaginem
986 3651 1002 3687 a
1028 3630 1138 3688 Ioanne

54 3724 171 3791 agnosta
198 3715 311 3788 editus,
346 3714 487 3792 idemque
511 3736 527 3774 a
550 3713 720 3794 Nicephoro
740 3715 897 3777 refutatus.
940 3712 1138 3794 Theophanes

54 3799 161 3858 aseasnr
190 3800 335 3875 integram
361 3799 400 3858 de
425 3799 607 3882 copronymi
631 3799 716 3859 obitu
737 3799 953 3875 narrationem,
985 3820 1022 3858 ex
1050 3798 1140 3857 tertio

54 3894 105 3942 stra
136 3885 327 3944 Mammosam
349 3884 551 3945 Antirrbetico
576 3886 763 3958 translatam,
794 3885 943 3944 Chronico
975 3905 1030 3943 suo
1058 3883 1142 3941 iuss-

54 3980 80 4044 ις
104 3978 193 4047 atqua
209 3970 273 4028 eius
295 3968 470 4029 narrationis
487 3979 593 4030 auctor
606 3973 636 4029 in
652 3970 763 4029 Codice
779 3971 943 4049 loyeusano
956 3967 1142 4047 Nicephorus

54 4053 171 4113 riarcha
198 4055 364 4132 indicatur,
401 4064 476 4114 teste
497 4053 653 4115 Petari0.'
675 4053 751 4115 Vide
777 4057 959 4133 lragmenta,
989 4053 1155 4113 Breviario·

54 4139 154 4199 ronico
176 4139 342 4220 Nicephori
361 4139 549 4220 patriarchae
570 4141 896 4214 subiunctaslidition.
926 4141 1027 4198 Petav.
1071 4141 1144 4197 Cum

54 4225 115 4284 lice
139 4225 304 4304 loyeusano
331 4226 478 4286 consentit
504 4225 631 4288 michael
653 4227 781 4304 Glymr,
811 4221 971 4284 Antralium
994 4232 1081 4304 parta
1108 4223 1146 4282 ll.

54 4332 71 4391 ς.
97 4315 168 4376 187.
198 4311 277 4375 Edit.
302 4314 373 4393 fleg.
391 4311 443 4372 ubi
460 4322 602 4394 excerpta
622 4333 660 4375 ex
675 4313 809 4374 secundo
831 4320 936 4374 contra
951 4311 1146 4371 Mammosam

890 4436 905 4470 't
