2700 5092
240 307 476 378 HISTORIAE
496 305 773 377 BYZANTINAE
789 305 877 374 XIII·
897 312 928 376 3.
1058 244 1133 371 Ι647

16 541 18 548 2
82 467 180 556 δγαδίν·
202 469 249 550 οἷς
263 471 297 538 δ’
312 472 346 549 ἐξ
360 462 399 555 ἦς
412 469 576 555 ἀντιβαίνει
588 472 701 556 μοίρας
719 470 759 537 τά
772 471 866 557 χείρω
891 472 943 536 καλ
963 476 1135 558 μοχθηρῶς
1151 487 1178 532 n
1189 483 1217 532 c.
1230 478 1299 537 1342

16 565 17 568 Ἴ
80 574 103 641 νδ
113 575 214 642 ἀδικοῦν
228 576 445 655 άνθοπλίζιται
460 574 538 660 πρὸς
553 574 609 657 τὴν
624 581 681 659 τῆς
694 574 843 657 ἀληθείας
856 571 1013 659 εὐθύτητα
1021 623 1032 655 ,
1060 553 1298 673 τοά-Ῑωδὲἒὲίξ““
1332 586 1334 591 ’

77 703 119 754 τοις
129 682 155 745 δ’
169 674 207 744 οὗ
223 679 403 746 τούναντίον
419 676 512 745 ἅπαν.
541 675 617 744 ὅθεν
638 679 676 762 δὴ
698 681 749 743 καὶ
763 678 948 742 ἐπανακτέον
963 678 1017 742 τὸν
1033 674 1133 762 λόγον.

74 783 136 869 (IA.)
156 781 190 850 Ὁ
204 780 264 870 γάρ
277 808 336 847 -τοι
356 780 520 865 βασιλεὺς,
553 777 719 866 ’τριάκοντά
733 805 793 844 που
813 776 913 861 μόνας
926 777 1043 864 ἡμέρας
1057 777 1165 863 cipi-F

45 887 142 977 ὀληιώς
157 893 199 975 τῷ
219 883 333 972 Κράλη
348 881 427 968 μετά
446 909 478 969 γε
500 884 556 969 τὴν
577 887 620 959 είς
634 883 729 954 αὐτὸν
750 880 907 968 κάθοδον,
933 889 1171 964 τελευτῶντοςρ1
1183 913 1217 963 Μ,
1231 913 1298 968 5351

69 989 109 1074 ἤδη
127 997 176 1055 τοῦ
202 989 319 1076 θέρους
340 990 473 1067 ἐκείνου,
501 990 552 1053 καί
570 985 740 1074 ἀρχομένου
762 993 817 1052 τοῦ
834 983 1056 1073 φθινοπώρου,
1084 989 1135 1051 καλ
1169 985 1263 1038 ¹¹¹⁶·11

69 1101 109 1157 τῶν
121 1093 260 1175 άμπέλων
276 1092 477 1173 άκμαζουσῶν
490 1094 541 1156 καί
554 1093 719 1173 μονονουχὶ
732 1089 804 1165 τοδς
824 1095 1018 1175 τρυγητῆρας
1039 1096 1137 1176 τρανῇ

68 1203 92 1282 τῇ
102 1194 212 1283 γλώττῃ
233 1195 508 1281 προκαλουμένων,
534 1185 588 1278 ἧκε
603 1191 681 1277 μετά
699 1219 730 1258 τε
748 1199 809 1258 τῶν
827 1195 943 1258 οἰκείων
964 1189 1134 1273 δυνάμεων,

68 1303 100 1362 rai
118 1299 190 1384 πρός
214 1325 246 1384 γε
268 1305 378 1386 μακρῷ
401 1295 547 1364 πλειόνων
571 1303 633 1362 τῶν
658 1298 690 1360 ἐκ
710 1297 843 1381 Σερβίας
864 1293 984 1375 ὅπλων,
1011 1297 1059 1360 ἐπί
1081 1294 1157 1379 τὴν

16 1400 132 1470 soatio
143 1401 286 1490 Σεῤῥῶν,
313 1398 450 1487 αἱρήσειν
462 1402 588 1479 ἐλπίζων
607 1399 704 1484 αὐτὴν
719 1399 854 1483 ἀμαχητὶ
861 1447 871 1480 ,
900 1394 1134 1482 συλλαμβανδντ
1142 1417 1174 1471 Ρ.
1181 1413 1232 1472 403

69 1530 110 1571 ιον
125 1505 193 1582 ἴσως
207 1505 337 1571 ένδοθεν
353 1511 472 1588 συχνῶν
484 1506 663 1591 προδοτῶν,
694 1498 800 1568 ὁπόσοι
825 1499 1015 1588 θερμότερον
1037 1498 1137 1589 τούτῳ
1153 1539 1154 1545 1

69 1609 249 1693 προσέκειντο,
290 1610 342 1674 καί
360 1604 447 1690 μάλα
481 1608 592 1698 ῥᾳδίαν
618 1606 676 1691 τὴν
691 1605 813 1672 εἴσοδον
837 1604 942 1693 κρύφα
967 1600 1138 1692 γράφοντες

71 1711 266 1797 ἐπηγγέλλοντο.
295 1711 375 1777 otto
388 1717 445 1777 τοῦ
460 1716 538 1776 θεοῦ
552 1709 716 1776 κάνταῦθα
730 1715 839 1796 σαφῶς
854 1719 920 1785 τοῖς
935 1706 1048 1774 τούτου
1060 1715 1138 1789 βου-

72 1812 172 1896 λήμασιν
195 1812 471 1901 ἀντιπράττοντος,
506 1809 663 1900 άπρακτός
682 1838 713 1878 τε
741 1806 780 1896 riv
804 1809 824 1896 ἡ
850 1812 969 1896 σπουδὴ
1002 1814 1052 1876 καί
1073 1807 1137 1894 μά-

39 1924 132 1993 isram
145 1917 230 2002 ὄχλος
251 1915 272 2002 ἡ
296 1924 381 1984 πάσα
403 1911 593 2004 παρασκευῆ.
628 1919 699 2003 πρίν
717 1915 776 2002 γὰρ
792 1915 886 1981 αδτδν
898 1939 1138 2003 περιστρατοπε-

70 2018 190 2087 retorna
212 2028 252 2108 τῇ
273 2019 359 2087 πόλει
374 2023 539 2104 πολεμίους
556 2030 662 2107 χεῖρας
683 2021 862 2104 ἐπενεγκεῖν,
889 2015 1011 2102 νόσημά
1028 2044 1057 2084 τι
1073 2023 1138 2083 θα-

74 2119 169 2204 νάσιμον
182 2121 341 2208 ἐνσκήπτει
357 2132 401 2212 τῷ
414 2125 612 2212 στρατοπέδῳ
628 2130 692 2189 τῶν
703 2128 904 2209 Τριβαλλῶν·
932 2121 989 2187 εἴτε
1001 2127 1056 2205 τῆς
1069 2127 1160 2186 τῶνΒ

76 2233 204 2312 σταφυλῶν
218 2226 406 2311 άταμιεδτου
425 2230 474 2291 καί
491 2226 636 2313 ἀφειδοῦς
650 2222 807 2311 βρώσεως,
835 2224 891 2290 εἴτ’
910 2223 1006 2308 άλλης
1021 2220 1139 2309 η’γησα-

73 2328 140 2411 μένης
151 2332 248 2406 αλτίας
255 2381 266 2411 ,
294 2330 349 2397 οὐκ
374 2328 437 2397 οἶδ’
469 2326 625 2416 ὁπότερον.
660 2326 763 2413 πάσης
784 2319 840 2392 οὖν
857 2323 1075 2410 ἀμηχανοάοης
1089 2328 1139 2389 καλ

42 2432 144 2516 ωιειρδς
154 2437 203 2499 καί
217 2432 343 2519 γνώμης
355 2436 493 2520 ἰατρικῆς
508 2433 586 2518 πρὸς
600 2430 636 2498 τὸ
651 2428 773 2512 πάθος,
808 2432 917 2513 συχνοί
926 2429 1005 2495 καθ’
1021 2424 1140 2513 ἡμέραν

6 2578 9 2606 ι
72 2527 171 2620 icioma
192 2541 293 2621 respui
318 2534 569 2624 καταράττοντο·
613 2536 664 2601 καί
693 2533 796 2618 ἐπειδὴ
826 2529 1032 2621 βραχυτάτων
1056 2530 1142 2608 ἐντδς

70 2628 163 2723 ἡμερῶν
185 2636 263 2726 άπέρ
284 2641 358 2716 τοδς
373 2641 491 2724 χιλίους
514 2635 531 2704 ὅ
552 2634 693 2715 θάνατος
713 2634 845 2722 ἐξήνεγκε
871 2641 927 2702 τοῦ
955 2637 1043 2718 βίου,
1088 2637 1139 2700 καί

69 2743 161 2820 πλείους
174 2744 224 2809 ἐπί
239 2740 361 2820 τούτοις
372 2740 486 2829 ἐξάγειν
501 2737 639 2828 η’πείγετό
652 2766 685 2810 τε
702 2743 753 2807 καί
767 2739 982 2827 ἐπηγγέλλετο,
1010 2738 1168 2827 άραντεςο
1206 2828 1209 2833 Δ

64 2971 196 3041 puduerat
211 2975 327 3039 fuerim,
342 2975 411 3028 bona
424 2973 542 3037 evenire3
564 2973 598 3027 iis
615 2980 694 3040 veru,
712 2973 757 3045 qni
770 2973 839 3027 unde
858 2971 948 3044 peiora
966 2977 1084 3041 pugnant
1097 2969 1142 3023 in-

63 3044 157 3112 oeperiut
173 3053 199 3098 et
218 3046 251 3098 ab
266 3062 297 3097 ea
312 3054 402 3114 parte,
423 3063 476 3114 qua
492 3045 618 3097 iniustitia
633 3053 746 3097 armatur
763 3045 887 3096 adversus
906 3048 1005 3094 rectum
1023 3059 1053 3094 ac
1071 3040 1142 3093 veri-

61 3114 130 3178 tatem,
144 3115 177 3167 iis
188 3115 292 3184 inquam
304 3115 414 3172 adversa
428 3114 512 3166 omnio
527 3114 652 3168 accidere.
687 3114 740 3167 Sed
754 3122 781 3167 et
793 3113 854 3166 inde
866 3109 1012 3164 revocando
1027 3112 1069 3161 est
1082 3125 1141 3161 ora·

60 3180 90 3232 tiu
103 3191 193 3236 nostra.
229 3184 306 3252 (xi.)
322 3183 374 3236 vix
392 3183 500 3252 triginta
517 3183 574 3236 dies
593 3200 647 3236 oum
660 3183 737 3236 Crale
756 3189 815 3253 post
829 3181 964 3234 adventum
983 3195 1053 3231 suum
1073 3194 1142 3229 com-

60 3260 155 3305 mus
169 3253 323 3322 imperator,
341 3253 452 3306 abeunte
467 3253 518 3304 iam
537 3252 582 3304 iiia
603 3259 702 3305 aestate
720 3259 888 3321 autumnoque
899 3249 1013 3311 ineunte,
1030 3246 1143 3317 vigenti·
1245 3249 1247 3252 ’

59 3315 199 3375 buaritibus
222 3339 254 3374 sc
277 3321 474 3374 vindemiatores
492 3321 564 3374 ciars
584 3339 665 3391 paene
685 3339 750 3374 voce
766 3317 965 3382 advocantibus,
990 3317 1064 3369 venit
1085 3334 1142 3369 cum

57 3387 126 3510 mk
141 3401 168 3444 et
186 3392 241 3444 suis
260 3391 389 3461 propriis,
407 3403 481 3443 etex
498 3390 592 3444 Servis
609 3390 686 3460 ionga
706 3389 837 3460 pluribus,
859 3389 891 3441 ad
913 3386 1024 3440 Scmhas
1044 3386 1143 3451 urbem,

130 3458 216 3513 labore
236 3469 339 3531 captum
356 3461 390 3512 iri
409 3476 464 3512 earu
480 3476 496 3511 a
514 3477 542 3511 se
560 3477 684 3530 sperans,
707 3458 913 3527 conspirantibus
933 3456 1004 3508 intua
1028 3455 1142 3509 fortasse

58 3525 216 3593 proditoribus
230 3547 280 3582 uon
295 3532 395 3598 paucis,
412 3526 445 3582 iis
461 3528 600 3592 videlicet,
619 3529 663 3598 qui
677 3528 723 3581 isti
736 3527 913 3580 vehementius
930 3524 1083 3586 studebant,
1101 3525 1143 3576 ia·
1199 3569 1202 3582 ,

56 3592 206 3668 &numque
224 3599 368 3668 ingressum
387 3597 470 3651 missis
487 3599 550 3650 ciam
568 3598 663 3650 litteris
681 3597 871 3667 promittebant.
908 3593 1003 3645 Verum
1016 3592 1071 3644 Deo
1087 3592 1143 3646 iiiic

161 3668 234 3720 buius
253 3667 380 3720 voluntati
400 3667 534 3720 evidenter
550 3667 718 3730 adversante,
742 3672 848 3718 conatus
866 3663 910 3716 iile
924 3662 1014 3715 irritus
1032 3662 1097 3724 ruit,
1116 3668 1143 3714 et

48 3747 50 3750 ⁴
132 3736 336 3806 impedimentum
349 3743 419 3789 totus
433 3735 493 3789 belii
508 3746 649 3806 apparatus
666 3734 773 3787 exstitit.
796 3738 864 3788 Ante
878 3730 945 3784 enim
959 3748 1035 3852 (pram
1048 3729 1143 3783 infesto

11 3818 12 3823 ’
54 3803 158 3856 accitu
172 3806 277 3876 propius
290 3807 392 3858 admoto
404 3806 491 3860 urbem
504 3803 718 3868 circumsedisset,
737 3805 838 3857 morbus
854 3802 956 3872 quidum
979 3798 1143 3852 ethalisTri-

53 3868 167 3926 Μνεῦιν
181 3875 274 3927 ratris
287 3874 433 3944 infligitur:
450 3876 505 3927 sive
519 3874 692 3943 intemperans
707 3878 734 3926 et
752 3873 931 3924 immoderatus
950 3885 1058 3921 uvarum
1075 3885 1144 3933 esus,

51 3938 103 4008 tin
119 3938 168 3995 aiis
187 3959 354 4012 quaecunque
372 3961 449 3997 causa
473 3945 664 4013 praecessisset
708 3943 802 3995 Utrum
821 3949 892 3995 certe
914 3944 1026 3990 statuam
1047 3936 1144 3990 nescio.
1182 3947 1185 3954 '

49 4007 109 4073 (δή
123 4012 162 4065 ita
179 4029 215 4064 ue
229 4012 294 4064 nibil
311 4012 437 4065 adversus
449 4013 497 4081 huc¹
513 4012 601 4065 maium
616 4029 663 4064 nec
677 4028 766 4064 manus
779 4029 827 4063 nec
842 4008 970 4080 ingenium
988 4005 1143 4059 medicorum

47 4077 151 4145 τῶν,
193 4081 198 4091 ’
242 4088 314 4149 entes
326 4082 441 4151 quotidie
458 4082 551 4134 mortui
567 4080 772 4136 defodiebantur.
809 4080 877 4144 Quia
894 4076 975 4146 igitur
993 4091 1061 4127 mors
1074 4074 1144 4128 intra

45 4149 208 4223 ηνίκίωοτ
220 4150 277 4204 dies
286 4151 427 4203 sustulerat
439 4168 471 4203 ex
484 4150 539 4202 vita
553 4150 666 4203 homines
678 4150 735 4219 pius
750 4165 826 4220 quam
839 4147 915 4211 mille,
927 4162 959 4197 ac
972 4143 1057 4212 plures
1067 4160 1145 4212 prae·

42 4225 114 4297 tq!
127 4216 225 4275 edens
241 4220 398 4293 properabat
413 4220 628 4292 minabaturquaa
649 4221 724 4273 motis
743 4236 817 4291 quoru
838 4217 970 4272 celerrime
989 4212 1081 4267 matris
1100 4230 1144 4268 rc·
1178 4213 1189 4234 '³
