2798 4754
474 290 839 393 mammonas
1114 320 1213 391 1207

160 489 232 584 Peg.
252 488 331 557 287
355 488 406 550 18.
449 473 674 563 Θοίβωροντόν
692 466 826 538 vldv’
783 485 880 564 αντῆς
894 477 948 545 τον
968 475 1125 561 δεύτερον]
1147 486 1210 545 Pri·

69 593 123 634 mo
143 572 260 651 genitur
280 571 358 630 enim
375 591 412 630 ex
427 568 487 630 hoc
507 567 638 630 eeoundo
654 562 822 626 Andronici
847 567 984 648 coniugio
1004 569 1067 628 fuit
1085 570 1208 631 loannea

69 659 218 739 Deepota,
240 655 327 715 cuiue
339 657 432 736 paulo
454 667 522 715 ante
539 651 683 714 meminit.
725 672 858 716 nocane.
986 685 988 689 ·

160 746 231 822 Pog.
251 745 332 818 287,
357 743 406 807 15
453 736 541 826 Toi''
520 763 642 821 αρχοντι
654 741 836 821 Πελασγῶν]
859 737 888 797 le
902 737 960 798 suit
974 738 1097 799 loannes
1113 739 1207 820 Ange-

69 829 121 889 lue
137 828 234 885 Duces
253 825 420 886 Comuenue
438 805 557 886 loannis
578 823 936 902 Sabaetocratorieliliue,
958 823 1073 904 dequo
1093 826 1208 905 aginam

70 913 105 973 in
121 912 225 972 Femil.
239 911 360 990 Byzant.
379 931 409 991 p
422 918 494 977 210.
537 929 668 970 nucero.

156 1001 234 1077 Pag.
254 1000 333 1070 287,
353 1002 405 1060 21.
450 998 579 1080 Θυγατρί
589 1019 671 1067 τινος
681 1016 804 1073 eropon
820 987 994 1072 Σπινούλα]
1017 992 1207 1074 Argentinae,

71 1081 196 1162 Opicini
214 1081 355 1160 Spinolae
369 1081 447 1141 filiae
468 1082 582 1144 unicae.
616 1080 696 1146 Vide
714 1089 839 1138 stemma
854 1079 1098 1158 Palaeologorum
1112 1083 1206 1141 Mont

70 1166 305 1229 farratenaium
296 1187 329 1225 in
345 1166 450 1228 Famil.
466 1169 590 1245 Byzaut.
606 1186 637 1244 p.
653 1166 725 1230 249.
768 1184 898 1268 nupero.

156 1250 229 1332 Pog
251 1256 329 1328 238,
351 1256 381 1314 3.
424 1249 572 1315 Ἡδὲτον
560 1251 768 1326 Μαρκοσίου
784 1272 821 1312 τα
813 1243 885 1329 lgna]
822 1247 1002 1326 §Atqui
1018 1248 1206 1309 tamenbler·

70 1336 214 1396 ehionnm
228 1335 368 1415 primitus
383 1357 488 1415 magna
504 1358 539 1397 ao
554 1335 680 1396 illustria
693 1334 775 1415 apud
793 1335 916 1395 Latinae
931 1334 990 1392 suit
1005 1335 1149 1413 dignitas,
1171 1345 1206 1395 ut

70 1423 124 1501 qni
141 1441 301 1497 regnorum
315 1421 461 1482 limitibus
484 1431 671 1503 praeessent,
691 1420 772 1481 unde
793 1420 915 1481 illorum
929 1420 1021 1480 fluxit
1038 1421 1205 1481 nomencla·

69 1517 149 1570 tura.
169 1505 246 1566 Vide
261 1507 358 1567 Gloae.
377 1508 455 1570 med.
470 1507 565 1566 Latin.
605 1526 737 1567 uuoeuo.
918 1549 924 1554 -

158 1593 228 1673 Pog.
248 1595 327 1667 288,
349 1596 381 1654 4.
401 1590 438 1653 Ὅ
448 1589 506 1673 τήν
520 1587 679 1673 βασιλικήν
691 1588 821 1671 κατέχων
834 1589 983 1672 σημαίαν]
1006 1589 1065 1649 Sed
1080 1599 1111 1650 et
1124 1590 1205 1671 apurl

67 1677 192 1737 Latinae
212 1677 363 1753 legionum
383 1678 433 1737 vel
450 1679 538 1738 etiam
559 1678 708 1737 exereitus
729 1677 822 1737 totius
839 1677 999 1737 vexilliferi
1017 1675 1205 1735 Marclrionee

67 1781 222 1840 nunquam
234 1761 319 1836 dicti,
342 1762 422 1841 quod
439 1772 468 1822 et
485 1763 563 1822 inira
576 1764 704 1860 repetit..
737 1763 781 1821 lta
797 1783 886 1861 eaepe
898 1771 1048 1841 nugantur
1065 1762 1206 1822 Graeculi

66 1848 120 1907 1111
135 1846 306 1925 eoriploree,
321 1867 420 1906 rerum
434 1849 612 1907 nostratium
625 1847 746 1907 omnino
757 1848 854 1927 ignari
867 1869 902 1906 nc
914 1848 1054 1929 imperiti.
1075 1868 1204 1907 nucina.

158 1935 407 2012 Pog.288,10.
452 1933 493 1995 Ol
520 1930 553 1995 δὲ
577 1934 725 1994 Γαλατίαν
750 1932 802 1995 κα1
820 1928 950 2013 Ἰβηρίαν
972 1931 1025 1995 καί
1056 1931 1206 2014 Kairiana

64 1955 282 2115 ὑπηγάγοντο]
314 2014 456 2078 Celticum
478 2027 566 2077 vocat
589 2037 665 2090 eam,
686 2038 762 2096 qnae
785 2017 837 2076 vul
839 2015 1046 2094 goCeltiberio
1065 2030 1203 2093 vocatur,

65 2104 120 2163 vel
141 2101 243 2182 potine
264 2122 328 2162 eam
345 2111 460 2182 partem
482 2103 615 2173 Galliae,
639 2122 714 2182 quae
736 2101 1009 2181 Hispaniaevicina
1026 2112 1088 2179 eet;
1113 2101 1205 2163 Golo-

66 2191 144 2248 aiam
163 2197 261 2245 eutem
275 2187 407 2266 reliquae
422 2187 537 2247 Galliac
551 2187 731 2267 provinciae.
756 2187 903 2264 Gregoraa
920 2187 1044 2246 lberiam
1063 2186 1101 2246 ad
1115 2189 1204 2267 Alpee

65 2275 133 2332 fere
152 2291 245 2350 neque
257 2272 407 2352 pertinere
420 2272 610 2333 existimavit.
639 2273 713 2332 Nem
727 2271 807 2332 infra
819 2274 903 2345 (rect.
914 2272 977 2346 Vl.)
993 2272 1205 2333 Montieierrati

63 2356 308 2418 marchionatum
321 2358 450 2417 collocat
460 2358 539 2419 iuter
552 2358 642 2438 Alpee
654 2368 685 2418 et
699 2358 872 2418 inferiorem
890 2357 1025 2418 lberiam.
1046 2377 1161 2416 aorvrn.

156 2446 228 2521 Pog·
252 2447 333 2515 289,
356 2448 387 2507 8.
408 2440 442 2505 ‘O
454 2442 487 2506 δὲ
499 2439 651 2523 Ponenda]
674 2442 758 2516 Quae
774 2441 825 2501 hio
840 2442 878 2502 de
890 2442 1013 2502 Rneaiae
1026 2461 1079 2500 eeu
1089 2443 1205 2501 bloaoo·

64 2527 138 2588 viae
151 2527 300 2607 principi,
324 2526 373 2590 ἐπὶ
392 2524 553 2608 τραπίζης,
574 2548 628 2589 eeu
641 2525 790 2610 dapiferi5
811 2527 927 2587 Morene
941 2546 995 2586 eeu
1006 2526 1205 2609 Peloponnesi

64 2612 206 2687 domino,
227 2612 388 2691 principie;
410 2612 610 2688 Athenarum,
632 2613 731 2692 magni
753 2612 854 2691 dnoia3
876 2612 1015 2672 Boeotiae
1035 2621 1066 2672 at
1086 2612 1204 2672 Theba-

62 2716 154 2772 rum,
176 2697 275 2774 magni
296 2698 475 2777 primicerii,
500 2722 535 2759 ac
557 2697 685 2777 denique
706 2697 840 2772 Siciliae,
870 2698 948 2775 regio
972 2719 989 2756 ο
1011 2699 1203 2758 Conetanlino

62 2782 175 2858 hlagno
198 2782 277 2841 datie
300 2782 494 2860 dignitatibus
517 2792 737 2844 commentatur¹
755 2784 921 2860 Gangorae,
957 2802 1055 2843 meree
1074 2794 1145 2844 eunt
1167 2804 1203 2844 ao

64 2868 163 2928 anilea
176 2867 296 2926 omnino
317 2868 449 2947 fabulae,
475 2890 549 2948 quaa
565 2869 718 2945 refellere,
741 2889 861 2948 operam
877 2878 954 2928 earet
972 2869 1086 2931 ludere.
1128 2869 1203 2929 Nam

62 2963 101 3013 nt
118 2953 158 3012 da
170 2953 293 3012 llueeica
312 2964 435 3029 taceam,
457 2973 532 3034 quae
546 2954 650 3015 nullibi
664 2953 806 3026 occurrit,
827 2963 960 3014 caeterae
973 2974 1035 3013 non
1049 2975 1067 3013 a
1080 2953 1203 3013 Graecia

62 3037 121 3099 eed
144 3058 162 3096 a
180 3038 293 3097 Latinis
308 3049 473 3101 manarunt.
517 3040 576 3113 Qui
594 3039 673 3100 enim
694 3059 731 3098 ex
747 3038 855 3098 nostrie
870 3046 941 3118 poet
961 3049 1077 3119 captam
1099 3039 1203 3099 urbem

61 3123 192 3184 Athenio
210 3124 410 3203 imperarunt,
439 3124 550 3184 ducum
575 3125 805 3205 appellationem
824 3123 873 3182 vel
897 3122 1016 3184 aibimet
1035 3122 1203 3203 adeoripaa·

61 3217 154 3276 runt,
177 3209 225 3268 ael
243 3208 280 3267 ab
291 3209 520 3290 imperatoribus
532 3209 645 3269 Latinio
660 3208 864 3285 obtinuerunt,
882 3207 966 3286 iique
981 3209 1070 3268 aimul
1082 3217 1113 3268 at
1127 3207 1203 3267 Tha·

60 3295 113 3355 bia
136 3293 340 3372 imperarunt,
369 3295 509 3394 quamvia
524 3296 671 3372 Gregorae
692 3294 827 3353 divereoe
852 3292 944 3352 iniere
967 3292 1152 3353 Athenarum
1172 3301 1203 3352 et

62 3377 237 3440 Thebarum
262 3379 399 3438 dominon
426 3377 476 3438 hio
499 3380 620 3456 innuat,
647 3379 719 3438 licet
746 3378 824 3437 inira
852 3397 917 3457 cap.
933 3378 998 3439 Vll.
1018 3379 1203 3438 carnarium

63 3474 228 3542 agnoaoat3
256 3464 449 3542 quiquidem
472 3460 595 3546 μεγαλοι
617 3457 730 3545 Κύριον
751 3485 769 3522 ο
791 3463 931 3538 Graecia,
960 3483 977 3523 a
992 3464 1108 3523 nostrie
1129 3484 1202 3523 vero

65 3545 191 3611 Grande
206 3547 305 3623 Sires,
323 3549 355 3609 id
371 3558 416 3609 eat
434 3571 536 3628 magna
529 3546 682 3624 domiai,
703 3558 829 3629 propter
842 3552 1003 3609 vastiorem
1024 3569 1127 3610 eornm
1146 3536 1203 3608 db·

61 3635 260 3696 minationem
279 3634 369 3712 vulgo
389 3633 634 3714 appellabantur,
656 3653 717 3692 non
731 3653 804 3693 vero
825 3654 864 3694 ex
880 3654 956 3695 voce
978 3630 1203 3720 Πρνμμικῆριος

64 3730 225 3797 corrupta,
250 3717 346 3778 uthic
361 3729 391 3780 et
406 3738 472 3798 cap.
486 3719 551 3781 vlt.
569 3728 707 3797 nugetur.
748 3738 875 3778 nucero.
940 3764 944 3769 .

152 3808 227 3905 Pog
246 3801 376 3878 240,1
421 3803 535 3866 Καί
497 3828 551 3884 της
567 3798 650 3867 κᾶνω
661 3797 806 3911 Ἰβηρίας]
827 3803 891 3864 lma
910 3803 1034 3865 Galliae.
1068 3824 1200 3865 nucero.

66 3879 227 3953 Kairaod'
245 3886 268 3967 ν]
290 3882 375 3969 χώρα
395 3883 470 3967 αὕτη
491 3882 601 3964 μεταξύ
621 3911 682 3952 arou
701 3882 785 3951 Ἀλνα
807 3888 860 3951 ναί
882 3893 937 3968 τῆς
956 3912 1039 3951 κατα
1052 3881 1200 3968 Ἰβηρίας]

65 3977 218 4053 Gregorae
232 3972 333 4052 itaque
349 3971 473 4058 tafnim
484 3969 583 4034 Iberia
598 3982 643 4033 eet
661 3975 743 4051 regio
761 3973 831 4052 illa,
854 3993 928 4052 qnae
944 3973 981 4032 ab
999 3974 1143 4053 Hispania
1161 3972 1199 4032 ed

63 4058 416 4122 nuntiaranariuimiaea
444 4076 541 4139 usque
568 4058 756 4137 extenditur,
785 4067 822 4118 ut
849 4069 897 4120 at
905 4077 1006 4140 eupra
1018 4066 1201 4122 annotatum.

62 4164 180 4210 8011111.

151 4232 242 4319 Peg
250 4218 329 4303 240,
353 4214 405 4294 20.
437 4221 525 4310 Ἓτερ
527 4221 597 4290 ad'·
611 4218 718 4320 adura
713 4225 946 4308 βουλευομένης
952 4179 1204 4307 άῦτῆραορλτον

56 4315 162 4397 viai]
178 4316 227 4376 An
235 4271 386 4394 intelligit
400 4312 506 4374 initum
507 4251 579 4374 sab
577 4331 622 4374 eo
624 4310 802 4375 camillum
818 4313 856 4374 de
876 4311 958 4372 illo
948 4332 980 4373 m
994 4311 1202 4373 lombardiam
