2722 4778
194 109 269 183 οιο
350 92 369 102 “
412 62 416 75 ’
498 112 733 185 menonem
754 112 992 183 urrunnun

31 295 59 347 Α.
71 295 105 346 u
118 293 186 351 6856
194 278 272 371 ῥάγη
296 281 348 347 καλ
369 278 511 367 λαμπρόν
530 280 676 367 ἐγείρουσι
695 278 752 346 τδν
770 274 889 367 πυρσόν
910 278 940 344 οἱ
948 276 951 283 ’
959 283 1022 345 τῶν
1044 277 1190 346 ἐναντίων
1203 305 1288 347 σπιν-

72 367 122 418 ¹¹¹⁶·
136 368 150 421 ¹
193 391 292 471 θῆρες
305 381 495 472 πραγμάτων
511 382 591 448 κατὰ
608 389 663 466 τῆς
676 382 843 466 ἀληθείας,
873 382 925 447 καὶ
941 381 1010 458 δέος
1023 382 1069 466 μὴ
1087 390 1143 448 τοῦ
1160 384 1288 466 μέλλον-

193 513 248 564 τος
264 483 443 573 ἀνθρώποις
453 484 567 552 ἅπασιν
580 486 613 550 ἐν
631 481 737 575 ἀδήλῳ
760 484 913 569 κειμένου,
936 489 994 568 τῆς
1010 480 1096 551 κάτω
1111 489 1191 569 ζωῆς
1203 484 1288 569 ἡμῶν

191 596 316 677 τελευτῇ
330 589 444 672 μεταξδ
453 588 673 675 χρησαμένων,
697 590 768 674 πρίν
788 593 890 662 καλῶς
902 588 1125 671 ξοννενοηκέναι
1140 588 1215 664 τοδς
1235 587 1287 654 λό-

191 718 266 779 γους
286 699 344 776 τῆς
370 697 534 779 συμφορᾶς
539 741 550 771 ,
580 690 727 776 ἀγνοῆται
750 700 815 766 τοῖς
835 690 989 772 ἐσομένοις
1010 688 1121 771 τάμὰ,
1153 689 1238 768 ὅπως
1257 717 1286 757 τε
1336 708 1361 723 “

161 795 445 880 Οπροσηνέχθημεν
458 805 523 870 τοῖς
533 801 590 879 τῆς
603 794 767 877 ἐκκλησίας
777 789 858 859 οὕτω
880 792 1112 879 ταραττομένης
1131 791 1289 880 πράγμασι

191 901 243 966 καί
266 896 350 974 ὅπως
368 903 413 986 τῷ
436 903 560 981 βασιλεῖ
574 893 751 983 προσιόντες
777 893 850 961 ὅσον
870 894 925 962 τόν
945 896 1036 977 ζῆλον
1060 894 1286 978 ἐνεδειξάμεθα,

191 999 355 1086 ἀναγκαῖον
376 996 450 1084 ἡμῖν
474 998 662 1087 ἐψήφισται,
692 997 812 1085 βραχέα
834 1003 896 1062 τῶν
912 1003 1035 1063 πολλῶν
1048 995 1235 1075 σννελόντας
1248 1001 1292 1064 εί-

190 1114 266 1170 πεῒν.
310 1101 379 1192 (B.)
399 1101 543 1189 Ἄρχουσι
561 1103 618 1184 μὲν
638 1101 698 1187 γάρ
724 1101 764 1167 sd
783 1099 895 1184 ἣδιστα
919 1099 1012 1185 λέγειν
1035 1096 1194 1184 δπηκόους
1216 1097 1292 1167 elsua

191 1205 369 1287 ἀκίνδυνον,
400 1204 478 1291 πρὸς
499 1206 533 1270 δέ
551 1204 586 1270 sd
611 1204 708 1288 τραχδ
729 1205 780 1268 καί
806 1202 969 1282 ἀντίξουν,
1001 1204 1052 1267 καί
1074 1201 1187 1287 ἣκιστα
1210 1203 1290 1269 κατδι
1314 1211 1360 1264 1·

93 1305 329 1394 Ρι517γνάμην,
353 1305 461 1392 θήγειν
480 1307 537 1390 τὴν
558 1312 714 1391 γλῶτταν,
743 1302 956 1390 δυσπρόσοδον
974 1305 1031 1386 μίν
1053 1301 1200 1391 εὖρίσκειν
1216 1305 1296 1371 ἀκο-

190 1417 317 1477 λουθεῖν
332 1410 388 1493 τὴν
402 1407 566 1496 ἀκρόασιν,
590 1406 750 1495 πρόχειρον
763 1408 797 1474 δ’
814 1412 857 1484 είς
877 1409 1031 1491 λοιδορίας
1050 1408 1108 1491 τὴν
1122 1406 1297 1488 δεσπόζου-

90 1520 183 1580 V.418
191 1539 249 1580 σαν
263 1518 402 1598 γλῶτταν
418 1511 499 1577 καθ’
517 1509 630 1577 ἑαυτοῦ
636 1531 653 1592 ,’
672 1513 723 1577 καὶ
743 1507 822 1596 πρός
837 1536 869 1597 γε
889 1510 1124 1596 προχειροτέραν
1137 1514 1181 1587 είς
1192 1537 1299 1594 τιμον-

189 1619 258 1703 ρίας
272 1616 328 1698 τὴν
338 1616 446 1701 χεῖρα,
455 1617 539 1680 δοκεῖ
551 1640 605 1698 μοι
617 1613 700 1700 ’παρ’
718 1613 841 1689 οὐδενός
856 1612 1043 1698 ἀγνοεῖσθαι.
1062 1610 1111 1678 διό
1127 1640 1184 1696 μοι
1210 1618 1299 1691 διεξ-

188 1718 265 1784 ιέναι
289 1703 469 1807 βουλομένῳ
495 1716 553 1801 τὴν
573 1717 747 1805 παρρησίαν
760 1718 810 1782 καὶ
825 1715 860 1783 τδ
880 1716 1017 1801 θέατρον
1031 1716 1145 1781 ἐκείνου
1162 1725 1220 1799 τοῖν
1237 1715 1301 1800 ζίγ-
1317 1714 1357 1774 15

188 1826 243 1885 λου
265 1820 395 1885 δεδιέναι
415 1821 565 1906 περίεστι,
585 1820 630 1904 μὴ
655 1815 921 1905 πολλοστημόριον
940 1825 997 1901 τῆς
1011 1815 1086 1902 ὅλης
1100 1819 1197 1903 λέγων
1212 1819 1303 1903 ἀλη-

159 1927 278 1998 Bostar
298 1924 378 2007 μηδὲ
395 1919 660 2009 πολλοστημόριον
680 1920 817 2006 ψεύδους
839 1918 919 1998 δόξω
932 1916 1181 2003 καταλιμπάνειν.
1208 1918 1305 2008 ἀφο-

183 2023 323 2114 ρώμενος
336 2018 392 2092 οάν
405 2027 456 2093 καὶ
467 2025 541 2102 uode
553 2024 611 2110 τὴν
623 2023 774 2109 ἀλήθειαν
787 2025 880 2090 ἐνίοτε
893 2033 1036 2109 τραχεῖαν
1049 2020 1187 2108 δόσηχον
1195 2020 1304 2109 ἧγουο

184 2130 296 2213 μένους
301 2179 312 2209 ,
335 2125 425 2195 ὁπότε
438 2153 469 2194 τι
484 2140 621 2215 γενναῖον
635 2128 696 2212 ίχοι
713 2128 791 2214 πρὸς
805 2123 928 2212 ἀγκονῆ
945 2132 1002 2209 τῆς
1014 2125 1125 2212 ἀρετῆς
1136 2128 1299 2207 ἐπίδειξις,

185 2235 237 2296 καί
254 2230 392 2315 μάλισθ’
418 2228 508 2298 ὁπότε
530 2234 598 2316 περὶ
618 2228 730 2296 ἑαυτοῦ
752 2254 798 2306 τις
818 2229 1007 2315 ἀφηγεῖσθαι
1027 2228 1067 2293 τά
1089 2225 1193 2316 λιβονα
1208 2226 1295 2310 βοά·
1313 2229 1357 2287 ¹)

184 2339 283 2420 λοιτο,
298 2336 349 2398 καί
362 2336 388 2398 εδ
399 2335 518 2419 μυρίων
532 2333 595 2416 diget
608 2333 809 2417 θεασαμένων
822 2329 984 2418 μάρτυρας
997 2329 1196 2417 ἀφθαλμοδς,
1212 2330 1305 2399 iactr

185 2435 308 2526 ἀφωνία
329 2434 368 2500 sd
386 2442 514 2500 πλεῖστα
531 2435 671 2519 παρίημι.
711 2434 779 2524 (Γ.)
794 2435 888 2516 Ἕμολ
905 2433 965 2520 γάρ
984 2432 1130 2519 λαμπρὰν
1147 2431 1306 2518 ἔσχηκότι

158 2538 292 2624 (ipatius
308 2539 341 2602 ἐκ
356 2543 472 2604 πολλοῦ
484 2537 563 2627 πρὸς
572 2537 720 2620 βασιλέα,
751 2538 887 2624 salapia
902 2537 934 2613 lc
946 2537 1004 2614 τὰς
1016 2538 1194 2621 βασιλείους
1209 2536 1307 2604 ἀναν

185 2733 379 2806 parturiebatur
396 2733 423 2788 in
436 2735 518 2789 lucem
535 2734 665 2806 eruperit,
682 2738 710 2789 et
724 2751 842 2804 magnum
859 2749 892 2789 ex
905 2733 1023 2788 scintillis
1040 2732 1185 2787 incendium
1200 2735 1230 2788 in
1244 2753 1305 2790 vr

189 2804 292 2856 ritatem
305 2802 337 2855 ab
351 2804 460 2857 adversa
491 2809 547 2856 arte
562 2804 703 2869 excitetur,
721 2804 912 2886 periculumque
926 2804 975 2871 sit,
993 2821 1026 2857 ue
1038 2803 1112 2857 nobis
1122 2804 1229 2857 interim
1246 2807 1306 2873 (ut

185 2880 226 2926 eat
240 2872 356 2925 omnibus
375 2822 525 2926 mortalitas
539 2873 664 2927 incertam
680 2874 743 2956 quid
755 2873 849 2943 cuique
861 2879 974 2926 loturum
989 2873 1044 2942 sit)
1061 2873 1197 2926 λεπαστήν
1214 2875 1303 2928 huia·

183 2942 255 2995 uitae
275 2941 372 2994 exitum
387 2943 484 3008 nands,
504 2949 638 3012 antequam
655 2943 731 2996 iatius
750 2942 809 2995 meli
825 2954 917 2996 cemes
934 2944 1000 2995 bene
1018 2941 1303 3004 animadverterim,

183 3010 305 3092 ignorent
325 3011 423 3079 posteri
441 3028 484 3063 res
498 3017 614 3074 nostras3
631 3028 704 3079 quem
719 3011 841 3064 videlicet
856 3028 895 3063 rue
910 3011 1002 3063 inillis
1018 3011 1186 3079 perturbatae
1205 3013 1306 3066 sectr

184 3097 240 3131 suae
254 3080 365 3147 negotiis
383 3080 523 3148 gesserim
546 3086 576 3131 ut
594 3080 756 3133 convenerim
776 3080 970 3150 imperatorem,
988 3087 1152 3148 et-quantuur
1168 3095 1236 3148 prae
1249 3096 1303 3136 ιβ

183 3149 264 3200 aetum
282 3147 397 3212 tulerim3
415 3148 475 3201 iden
488 3149 658 3201 neceesarium
673 3150 747 3201 nobis
762 3148 843 3200 visum
858 3155 898 3202 eat
909 3164 992 3218 pauca
1010 3148 1043 3200 de
1060 3147 1148 3199 multis
1166 3166 1301 3218 compen*

183 3214 375 3271 diosensrrare.
395 3217 460 3286 (ll.)
472 3219 554 3271 Neruo
567 3226 616 3280 est,
628 3217 727 3287 opinor,
741 3217 784 3285 qni
797 3218 909 3285 ignoret,
922 3217 1023 3270 minime
1033 3215 1210 3283 periculosum
1221 3236 1301 3278 ease,

182 3301 215 3337 ee
228 3284 279 3336 diei
294 3286 441 3350 asnbditia,
476 3303 524 3339 uae
538 3286 721 3355 imperantibus
734 3285 918 3338 iucundissima
931 3285 991 3337 sint.
1027 3287 1062 3337 At
1075 3283 1165 3349 iidem,
1183 3302 1243 3340 cun
1255 3285 1296 3342 sd

183 3354 371 3422 exasperandos
390 3305 608 3423 offendendoaque
624 3354 736 3418 animos,
753 3362 780 3407 et
792 3371 825 3407 es
839 3371 906 3423 qnae
917 3354 1018 3406 minime
1031 3353 1153 3423 placeant
1165 3354 1295 3418 dicenda,

154 3425 156 3430 '
181 3421 293 3502 lingum
313 3429 423 3489 acuunt,
447 3431 501 3476 tum
518 3440 581 3477 sere
595 3440 757 3493 ‘consequens
772 3429 828 3486 est,
846 3429 875 3475 ut
889 3438 1011 3491 perquam
1027 3439 1107 3489 segra
1126 3423 1292 3477 audientis·

180 3489 232 3542 sibu
247 3490 360 3554 ladant3
377 3508 480 3560 pronam
501 3500 585 3545 autem
599 3492 631 3544 ud
650 3491 762 3544 convitia
782 3491 888 3544 herilem
904 3492 1015 3560 linguam
1033 3491 1235 3562 proniorcrnque
1251 3490 1288 3546 sd

200 3574 279 3610 oenas
298 3575 397 3611 manum
414 3559 599 3613 nanciscantur.
634 3560 741 3613 volenti
758 3560 847 3628 itaque
865 3560 926 3613 mihi
943 3577 990 3623 ea,
1007 3576 1075 3628 quae
1092 3558 1203 3614 liberius
1218 3576 1287 3615 susa

199 3627 252 3678 'cta
265 3633 338 3689 sunt,
356 3634 384 3679 et
395 3627 446 3680 aeli
460 3627 527 3680 illius
543 3628 592 3681 mei
606 3635 748 3697 spectatum
766 3631 882 3682 ardorem
897 3645 1039 3699 exponere,
1056 3628 1222 3683 metuendum
1234 3636 1284 3691 est,

181 3714 214 3750 ne
233 3712 289 3748 cum
306 3695 388 3748 totius
406 3695 525 3749 seritetis
545 3698 590 3749 aix
605 3697 729 3750 minim
744 3705 843 3766 partem
860 3697 1043 3759 declaravere,
1060 3697 1154 3750 ridear
1173 3697 1236 3752 ialal
1252 3713 1282 3752 oc

180 3765 306 3819 minimum
320 3764 422 3834 quidem
438 3771 536 3834 partem
548 3765 671 3819 οιοὶιίιιε.
705 3767 875 3829 Quamobrem
889 3773 917 3818 et
927 3766 985 3819 illos
997 3764 1136 3828 reveritus,
1173 3767 1201 3819 ui
1215 3767 1281 3822 reri·

180 3843 257 3887 tatem
269 3849 446 3902 nonnunquam
460 3849 564 3916 gruum
579 3840 608 3887 et
620 3834 707 3887 auditu
721 3851 837 3904 asperam
850 3852 908 3888 esse
921 3840 1054 3898 statuunt,
1071 3850 1130 3886 cum
1144 3784 1280 3905 atiqaidin

180 3920 208 3954 se
220 3919 368 3970 generosum
384 3907 411 3955 et
422 3919 535 3956 eminens
548 3903 627 3956 habet
639 3903 742 3956 virtutis
757 3904 910 3966 ostentatio,
927 3921 959 3956 ac
971 3910 1025 3955 tum
1040 3902 1212 3972 pracsertim,
1228 3919 1280 3958 sn

178 3969 210 4022 de
221 3988 251 4022 sa
263 3971 320 4039 ipso
327 3970 562 4040 aliquiaprseclsre
575 3980 675 4034 namt,
692 3972 742 4026 atsi
755 3972 800 4026 ille
812 3973 1028 4026 testeslaabeeta
1106 3978 1191 4027 tomus
1207 3973 1279 4027 ἰοοο·

178 4039 335 4093 ueretillam
353 4040 455 4100 oculos;
472 4039 595 4109 pleraque
614 4040 715 4094 silentio
733 4041 823 4095 volens
842 4047 987 4110 praetereo.
1049 4040 1098 4109 ll.)
1114 4040 1183 4094 dlilri
1202 4046 1279 4104 certe,

177 4105 219 4162 cui
234 4123 327 4177 unqua
346 4107 397 4166 isus
417 4107 476 4163 olim
489 4125 548 4163 cum
561 4108 718 4180 inperatore
737 4110 833 4166 luisset
851 4109 979 4176 amam,
996 4116 1134 4182 numquam
1149 4110 1174 4165 is
1188 4111 1225 4167 sd
1237 4110 1279 4165 in-
