2722 4778
265 311 498 382 fflsuoulsu
523 313 797 384 BYZANTINAE
821 314 893 385 XV.
915 326 946 388 7.
1075 308 1152 382 769

50 474 152 564 ἀνῆγε
172 476 232 560 τὴν
254 473 400 564 κεφαλήν.
441 476 513 567 (Δ.)
540 473 670 544 Τοάτων
690 478 723 544 δ’
748 477 846 556 οὕτως
871 477 1019 565 ίχόντων,
1050 482 1151 548 πολλά
1167 494 1195 543 Δ.
1208 495 1236 544 c.
1249 493 1315 549 1³4⁷

48 584 126 666 περὶ
138 587 196 664 τῆς
211 582 287 664 ίμῆς
303 577 452 665 σιωυῆςῆ
471 583 594 664 βασιλίς
607 578 739 666 ὖπῆρχεν
751 581 991 670 ἀμφισβητσῦσα
997 633 1008 666 ,
1029 588 1081 650 καλ
1095 565 1317 688 sqgfflwg*

52 685 133 767 ἐμῆς
149 683 204 748 διὰ
217 683 344 767 μελέτης
358 685 483 751 ἐποιεῖτο
498 689 665 769 πειρᾶσθαι
677 682 808 770 γνιόμης.
838 689 892 751 καί
902 714 940 771 με
954 691 1004 753 καί
1016 688 1060 772 μὴ
1074 695 1153 770 βου-

58 783 190 868 λόμενον
207 779 301 862 αὖθις
314 786 420 872 κριτὴν
431 792 664 872 προσκαλεῖται,
688 791 739 852 καί
757 785 822 853 οἷόν
839 814 907 854 τινα
929 786 1072 875 γνώμονα
1090 799 1183 860 auru

0 929 20 945 ι
59 888 158 973 αάτῆς
168 914 203 954 τε
216 891 266 954 καί
278 896 335 955 τοῦ
349 888 540 977 πατριάρχου
554 892 622 976 περὶ
633 896 689 956 τοῦ
698 894 839 975 Παλαμᾶ
850 898 1054 978 φιλονεικιῶν·
1069 896 1155 961 δυοῖν

58 993 90 1057 ίν
103 998 150 1079 νῷ
172 991 292 1076 ,έχονσα
311 988 448 1076 θάτερον
472 993 672 1082 πεπραχέναι·
699 996 725 1059 εἰ
743 995 801 1079 μίν
821 994 879 1082 γάρ
895 991 1042 1082 ὃμόφρων
1058 997 1155 1086 ἐκείνῃ

58 1095 139 1159 κατὰ
157 1100 215 1159 rosi
228 1091 418 1179 πατριάρχου
434 1097 595 1187 γενοίμην,
619 1092 692 1161 ‘risui
713 1121 746 1162 τε
771 1094 886 1182 τιιάτνγς
907 1109 1007 1181 τυχεῖν
1030 1101 1080 1164 καί
1093 1107 1156 1182 βα-

59 1203 183 1264 σιλικῶν
204 1197 441 1263 ἀπολελαυκέναι
459 1200 611 1284 χαρίτων,
634 1199 753 1285 μακρόν
773 1198 809 1265 τδ
832 1197 994 1287 φιλότιμον
1011 1202 1156 1287 κεκτημέ-

60 1318 137 1366 νων·
165 1303 192 1365 εἰ
206 1300 240 1365 δ’
257 1293 313 1366 οάν
321 1350 332 1381 ,
358 1299 596 1367 ἀνανεώσασθαι
611 1307 666 1366 νῦν
679 1305 730 1366 καὶ
742 1300 799 1386 τὴν
812 1309 856 1392 τῷ
863 1300 966 1392 χρόνῳ
982 1304 1157 1392 παρερρυη-

18 1412 151 1468 οκοῖαν
176 1401 237 1487 ἤδη
262 1403 314 1468 διὰ
335 1402 390 1468 τὸν
410 1400 555 1488 Γαλάτην
573 1404 685 1470 ἐκεῖνον
706 1411 816 1488 μῆνιν·
842 1403 882 1490 ἣν
902 1404 998 1471 πάλαι
1011 1404 1251 1496 καθάπερΡ.483

64 1503 169 1588 βωμόν
182 1502 433 1591 ίγκαθιδράσασα
451 1517 516 1583 τοῖς
539 1513 595 1591 τῆς
609 1513 714 1591 ψυχῆς
732 1504 889 1594 συνετήρει
902 1505 1075 1593 θαλάμοις,
1105 1512 1156 1576 καλ

66 1604 161 1673 πάνθ’
177 1604 256 1691 iperi
270 1608 310 1673 τά
322 1605 526 1694 χαλεπώτατα
539 1609 618 1675 καθ’
632 1606 721 1693 ἡμῶν
734 1611 920 1696 δεδρακέναι.
948 1611 1018 1700 (Β.)
1030 1617 1156 1699 Προσε-

72 1707 242 1794 ληλοθότας
255 1704 311 1777 οὖν
322 1714 372 1776 καί
386 1714 578 1788 καθίσαντας
598 1720 806 1799 προσειποῦσα
823 1718 874 1780 καὶ
893 1711 1100 1802 ἀπαλωτίροις
1116 1715 1156 1782 τά

76 1819 171 1895 πρᾶτα
184 1813 263 1903 πρὸς
276 1810 359 1899 ἡμᾶς
369 1814 547 1901 χρησαμένη
560 1825 625 1894 τοῖς
648 1812 749 1901 λόγοις
769 1816 827 1894 τάς
840 1824 897 1884 τοῦ
908 1823 1051 1901 Παλαμᾶ
1063 1845 1155 1906 προε-

49 1913 165 1996 λόκόμιζε
181 1919 394 2004 καινοφωνίας.
422 1920 472 1984 καὶ
492 1917 593 2003 ἐπειδὴ
609 1918 811 2001 πειθομένους
831 1918 888 2004 οὔχ
901 1918 1052 2008 εὕρισκεν,
1081 1921 1155 1988 ἀλλ’

84 2017 195 2104 λιγυρῶς
214 2026 278 2086 τῶν
299 2022 437 2105 πατρίων
462 2019 680 2105 ἀντεχομένους
696 2019 778 2107 ὅρων
801 2025 852 2087 καλ
876 2020 997 2106 νόμων,
1023 2027 1073 2089 καλ
1095 2021 1186 2095 basil

85 2126 133 2186 τάν
142 2126 306 2189 συναδικῶν
319 2126 376 2188 sim
388 2120 588 2209 παραδόσεων
601 2123 740 2210 ίγγραφα
752 2126 1001 2212 παραγγέλματα,
1026 2129 1076 2191 καὶ
1090 2124 1158 2210 ἅμα

87 2219 184 2290 alstra
195 2232 252 2292 τοῦ
267 2227 360 2320 dalaq
373 2227 584 2314 προφέροντας
600 2224 752 2293 Παάλου·
767 2225 799 2292 si
805 2253 853 2303 τις
866 2227 1080 2312 εάαγγελέζοιτο
1096 2228 1161 2317 (λέ-

89 2326 183 2414 γοντος)
199 2325 346 2416 δπερόρια
363 2335 420 2414 τῆς
437 2329 550 2395 ἐκείνου
567 2329 785 2410 διδασκαλίας,
812 2326 889 2395 εἶναι
913 2327 1077 2412 ἀνάθεμα,
1102 2329 1160 2396 κάν

59 2415 107 2509 ”fi
118 2435 167 2495 τῶν
181 2431 332 2519 οὖρανίων
357 2457 404 2509 τις
420 2411 568 2518 ἀγγέλων·
593 2432 746 2518 μηδὲγὰρ
767 2427 843 2497 είναι
857 2431 935 2519 πρὸς
952 2428 1060 2516 ἡμῶν,
1084 2431 1160 2500 ἀλλο

90 2549 113 2590 τι
121 2536 184 2599 θεοῦ
196 2540 367 2627 προτιμᾷν·
394 2532 621 2624 (παραπλήσιον
633 2534 691 2622 γάρ
705 2533 743 2600 ἀν
763 2534 809 2619 εἴη
822 2537 931 2617 τουτὶ,
962 2532 1064 2622 ὥσπερ
1080 2533 1118 2601 ἀν
1133 2534 1165 2601 si‘

92 2643 162 2722 ῐίςτῇ
172 2637 317 2730 ἀριστερᾷ
327 2640 406 2732 χειρλ
417 2636 474 2722 τὴν
486 2638 587 2716 δεξιάν
595 2635 778 2705 ἀποκόπτειν
789 2634 959 2724 duritem)
967 2637 1046 2703 ἀλλὰ
1057 2635 1159 2704 πάντα

92 2728 156 2804 κᾶτα
170 2739 354 2830 ῥιπτοῦντας
375 2740 454 2830 πρός
474 2741 569 2808 odolo
588 2739 685 2826 μόνον
708 2740 848 2824 βλέπειν·
880 2739 1080 2829 ἀγριαίνουσα
1095 2740 1189 2828 ἤδηο

94 2960 206 3029 litantem
227 2973 365 3030 insolentia
382 2980 461 3060 capnt
478 2975 555 3029 altius
571 2978 683 3050 spectum
701 2973 845 3028 attollebat.
879 2973 952 3045 (Ν.)
968 2975 1041 3029 Haec
1055 2991 1108 3028 cunr
1123 2973 1162 3028 its

93 3036 251 3110 ”blerana
275 3046 380 3098 multam
400 3045 528 3099 alentium
548 3049 627 3099 nsum
645 3044 802 3114 imperatrici
823 3043 1007 3098 dubitationem
1025 3043 1162 3107 afferebat,

93 3113 174 3191 “liquo
188 3113 225 3166 illi
239 3113 413 3184 propositum,
430 3113 535 3184 utquid
550 3115 669 3166 sentirem
685 3114 839 3184 exploraret.
873 3113 1044 3176 Quamobrem
1057 3129 1105 3174 nne,
1121 3117 1163 3163 ts·

93 3181 147 3230 Μ]
159 3181 257 3247 nollem,
273 3184 357 3236 denuo
369 3184 488 3248 arcessit,
504 3188 533 3236 ut
545 3183 571 3234 in
585 3183 618 3235 iis
630 3183 726 3246 litibus,
744 3199 809 3251 quaa
821 3183 853 3235 de
866 3181 970 3235 Palania
982 3198 1038 3234 cum
1049 3180 1164 3250 patriar-¹

92 3235 129 3295 ὼ
139 3247 257 3316 babebat,
273 3252 351 3305 iudex
364 3269 447 3306 essem
467 3258 495 3306 st
526 3250 583 3304 ussi
601 3268 689 3304 norma
707 3251 844 3321 quaedamc
867 3250 975 3303 duorum
992 3250 1037 3302 illa
1055 3249 1162 3302 alterum

92 3302 192 3372 ficerein
207 3321 292 3375 animo
305 3321 417 3385 habsns3
434 3320 458 3374 si
469 3270 571 3390 quiiem
585 3319 708 3374 adversus
722 3321 893 3391 patriarcham
907 3337 962 3372 cum
974 3317 1018 3373 illa
1029 3318 1160 3387 conspira-

92 3386 144 3448 Μ,
157 3395 205 3442 turn
220 3397 250 3444 ut
267 3407 316 3459 ego
329 3390 466 3460 propitiam
483 3389 565 3460 ipsam
579 3390 727 3459 experirer,
744 3397 772 3443 et
784 3389 956 3459 imperatoriis
969 3387 1101 3441 beneficiis
1116 3404 1163 3440 au-

91 3449 176 3510 ¹lltrar
187 3476 311 3528 perquam
323 3459 486 3522 honorificis3
504 3458 543 3511 sin
555 3459 645 3522 minus,
658 3466 688 3511 ut
701 3466 809 3528 propter
819 3458 922 3511 Gallum
934 3457 1002 3511 illum
1015 3457 1042 3509 in
1054 3474 1094 3510 me
1104 3455 1163 3509 olim

91 3523 191 3607 ,Μαρια
204 3527 261 3593 ira,
277 3534 306 3580 et
319 3529 442 3598 temporis
456 3528 530 3596 lapsu
543 3526 592 3580 iam
605 3527 730 3590 obsoleta,
745 3526 820 3580 bodie
832 3528 1016 3589 suscitaretur3
1034 3543 1108 3595 quarn
1120 3525 1164 3579 illa

90 3591 222 3672 mpsim,
239 3596 314 3650 velut
326 3614 396 3649 aram
406 3596 481 3649 animi
494 3596 670 3666 penetralibus
681 3596 794 3660 infixam,
811 3595 932 3665 religiosa
944 3597 1080 3658 sorvabat3
1097 3593 1164 3647 omni

92 3645 178 3730 dtatquo
192 3664 219 3717 in
232 3683 273 3718 ms
291 3665 442 3719 acerbitatis
460 3682 554 3734 genera
574 3665 727 3718 saeviretur.
762 3664 825 3732 (V.)
841 3664 1005 3718 Praesentem
1020 3664 1107 3734 itaque
1122 3680 1166 3716 se·
1201 3692 1205 3697 ·

91 3714 218 3803 dl‘tanqua
230 3734 361 3804 alloquuta
375 3751 422 3798 mc,
440 3743 467 3788 et
479 3735 635 3789 mollioribus
649 3732 737 3788 verbis
748 3732 822 3786 initio
835 3751 931 3787 mecum
944 3750 1000 3801 usa,
1016 3750 1096 3786 novas
1107 3732 1165 3785 illas

90 3780 185 3854 Palam
197 3803 331 3885 opiniones
346 3803 459 3872 protulit.
492 3803 555 3856 Mox
568 3803 612 3856 ubi
626 3810 800 3924 reqngnantes
811 3820 859 3855 nos
871 3802 989 3867 offendit,
1007 3810 1035 3856 st
1044 3803 1166 3855 maiorum

90 3866 233 3941 lneotpo·
252 3871 431 3941 institutisque
449 3871 615 3942 pertinaciter
632 3872 658 3925 in
679 3879 812 3935 serentes,
828 3871 912 3942 iisque
928 3872 1043 3925 omnibus
1076 3885 1166 3923 raece-

90 3929 218 4056 ffiquao
231 3940 338 4008 synodis
354 3940 451 3994 tradita
470 3947 556 3993 essent
574 3949 602 3995 et
615 3940 713 4011 scripta
734 3947 881 4008 exstarent,
899 3940 1025 4011 simulque
1040 3889 1086 3991 itio
1104 3935 1166 3989 Divi

156 4012 233 4064 verba
246 4009 419 4079 proferentes,
437 4009 549 4062 iubentis
563 4027 619 4063 sum
629 4010 841 4075 anathemasse,
859 4010 902 4079 qui
933 4018 1096 4076 raeterquam
1108 4005 1167 4076 ipse

90 4058 213 4144 buius,
229 4077 454 4147 evangelizaturus
467 4079 551 4144 toret,
567 4078 666 4132 etiamsi
679 4078 827 4131 caelestium
840 4027 996 4148 Angsibrum
1009 4093 1075 4129 unus
1088 4075 1111 4128 is
1123 4092 1167 4127 es·

91 4143 135 4222 'lit
151 4162 195 4198 aec
214 4147 282 4201 enlm
299 4146 380 4200 officii
398 4148 479 4200 nostri
493 4165 566 4213 essa,
583 4147 654 4201 aliud
669 4147 807 4216 quidquam
821 4146 878 4201 Deo
896 4148 1041 4210 anulorum
1057 4144 1166 4214 perinde

91 4214 123 4269 i!
182 4214 244 4269 iliad
262 4217 314 4279 sit,
336 4232 368 4268 ac
383 4216 406 4269 si
423 4216 480 4286 quis
500 4217 606 4270 sinistra
626 4233 701 4269 mana
720 4216 836 4270 dextmm
852 4221 983 4286 amputare
998 4231 1028 4268 cu
1048 4213 1101 4279 ἱεῖς
1118 4212 1164 4266 sed

195 4284 264 4344 iusta
275 4282 387 4351 habitis,
403 4283 432 4340 in
444 4303 500 4341 eum
513 4287 594 4341 solnm
611 4283 706 4342 intueri
718 4291 852 4358 oporteret
870 4292 923 4340 urm
939 4301 1002 4341 aero
1022 4284 1029 4298 ⁸
1051 4283 1107 4340 ain
1122 4299 1164 4336 ms
