2648 5086
128 1104 985 1260 surorsrronss4

30 1296 251 1382 s.Wourn‚
280 1296 374 1372 (ἶσα.
397 1296 609 1392 Ducsnun,
636 1299 690 1373 Io.
715 1299 885 1389 Borrine,
912 1295 975 1372 Cr..
990 1294 1088 1368 Cur-

391 1425 640 1483 essonnunn.

30 1702 158 1787 Pug.1,
182 1710 209 1770 1.
231 1702 277 1766 ed.
295 1703 393 1768 Bonn.
419 1709 512 1771 titul.
537 1710 848 1774 rrtrffloorou'
868 1711 960 1771 Tor
984 1708 1088 1768 I'PH·

30 1795 72 1853 ’A
110 1795 223 1852 ΡΩΜ.
259 1793 369 1873 1211]
409 1795 443 1854 In
468 1795 578 1856 Codice
596 1796 706 1874 Regio,
742 1795 795 1874 qui
824 1794 918 1853 libros
948 1791 1088 1852 undecim

31 1897 63 1936 es
77 1877 299 1955 complectitur,
314 1877 419 1938 titulus
435 1890 488 1955 est,
511 1874 694 1960 Νικηφόρον
706 1884 761 1942 τοῦ
776 1883 913 1961 Γρηγορᾶ
924 1876 1088 1958 Ῥωμαϊκῆς

30 1963 85 2036 ιξις
106 1961 251 2041 ἱστορίας,
280 1962 456 2043 περιέχουσα
477 1965 552 2028 ἐτοῖν
576 1962 683 2028 ἕκατον
704 1963 756 2026 καὶ
776 1960 964 2042 πεντήκοντα
985 1958 1087 2043 διήγη-

30 2044 132 2127 ἥγουν
146 2041 208 2109 α’πὸ
224 2050 280 2108 τοῦ
298 2048 442 2126 βασιλέως
462 2045 603 2129 Ariorum
623 2051 731 2126 κυρίου
752 2043 912 2129 Θεοδώρου
933 2045 1016 2129 μέχρι
1032 2051 1088 2125 τῆς

30 2134 166 2205 ¹cinctuti
180 2135 444 2212 Καντακουζηνοῠ.
487 2135 523 2193 td
541 2144 603 2209 est,
625 2131 787 2215 Nicephori
808 2130 956 2213 Gregorue
971 2131 1086 2191 Roma-

30 2216 158 2275 ιίτίοτίοτ
177 2213 265 2293 liber,
290 2219 440 2279 continens
461 2242 604 2280 annorum
620 2219 675 2280 CL.
691 2218 905 2293 narrationem,
928 2238 1029 2296 nempe
1047 2212 1087 2273 nb

29 2315 119 2361 utere
141 2300 233 2361 Dum.
259 2299 412 2362 Theodoro
435 2304 566 2364 Luscnri
587 2299 737 2386 usquead
761 2302 911 2383 imperium
938 2297 1087 2361 Cuntneu·

40 2385 141 2444 Editio
153 2385 299 2445 Wolfisna
317 2386 544 2466 inscriptionem
560 2387 637 2448 hanc
660 2386 810 2468 praefert,
831 2384 992 2470 Nicephori
1017 2380 1087 2444 Gre-

31 2492 51 2543 ε,
72 2467 245 2552 Romanae,
268 2470 325 2530 Ιτοο
341 2486 383 2531 eat
404 2470 587 2555 Byzantinus
600 2471 739 2532 historiae
759 2468 830 2530 libri
844 2470 896 2530 XI.
917 2467 1022 2551 quibus
1042 2491 1086 2528 res

31 2556 104 2614 uenis
118 2553 340 2633 imperatoribus
351 2579 404 2636 per
417 2577 512 2616 annos
523 2558 635 2618 CXLV.
651 2579 670 2616 ο
687 2553 836 2617 Theodoro
849 2553 979 2614 Lsseari
989 2555 1087 2635 priore

31 2661 35 2695 r
64 2635 107 2698 ad
136 2635 310 2700 Andronici
337 2643 509 2720 posterioris
536 2641 647 2702 obitum
678 2655 776 2723 gestae
804 2637 1007 2700 describuntur
1026 2648 1085 2699 etc.

31 2744 90 2783 rum
104 2723 226 2784 titulum
244 2725 437 2803 retinuimus,
462 2737 620 2807 propterea
633 2727 715 2806 quod
731 2727 762 2785 in
782 2735 910 2804 utroque
926 2725 1002 2782 mals
1016 2722 1086 2782 sub·

31 2832 37 2867 ι
56 2817 121 2869 esst
139 2829 285 2868 annorum
303 2814 390 2869 ratio.
432 2813 507 2872 Num
532 2812 670 2874 undecim
689 2811 761 2871 libri
792 2810 908 2889 priores
930 2807 1086 2868 historiam

31 2904 113 2968 nent,
137 2915 198 2953 non
219 2895 274 2952 CL.
295 2905 348 2954 aut
371 2897 486 2958 CXLV.
503 2897 556 2958 sed
580 2907 696 2957 tsnturn
719 2895 897 2956 cxxxvtt.
922 2914 1086 2970 tuncrum,

31 2980 94 3042 XV.
106 2979 212 3038 Davidi
227 2979 385 3058 Chytsseo.
406 2982 548 3042 Woilium
562 2984 593 3042 in
609 3003 740 3043 errorem
756 2980 874 3040 induxit
890 2980 988 3039 codex
1002 2997 1085 3052 suus,

32 3085 49 3124 ο
69 3065 185 3125 scilicet
201 3063 326 3125 huiuscs
337 3064 477 3128 historias
492 3067 545 3126 lib.
561 3068 613 3132 XI.
630 3089 696 3146 cap.
717 3067 769 3126 ΧΙ.
783 3075 856 3125 sect.
875 3070 905 3130 1.
926 3081 1085 3144 perperam

36 3150 144 3227 viginti
167 3149 203 3208 sb
225 3151 304 3210 Urbe
326 3161 413 3230 captu
437 3153 682 3227 numerabantur,
711 3172 779 3211 cum
802 3149 944 3210 tredecim
969 3157 1086 3209 tantum

32 3235 95 3295 *rari
117 3245 278 3315 oporteret.
314 3235 391 3297 Vids
408 3248 493 3297 notas
507 3239 584 3297 inira
599 3238 637 3298 nd
653 3257 719 3297 eum
734 3236 842 3301 locum,
886 3252 1002 3296 somn.

32 3335 101 3418 Peg·
118 3341 157 3412 6,
178 3340 209 3402 4.
250 3334 330 3398 Ἡδὲ
344 3341 386 3419 γῆ
404 3334 461 3419 τήν
477 3335 622 3422 ἄτρεπτον
634 3334 746 3417 ταύτην
760 3334 873 3419 ὁμοίως
888 3329 1022 3414 α’ρχῆθευ
1037 3325 1086 3396 cisi

32 3422 111 3500 »niun
130 3415 262 3501 τροπήν]
286 3421 343 3480 Vel
358 3419 415 3501 τήν
433 3417 593 3503 ἀκινησίαν
612 3423 765 3501 intelligit:
795 3423 888 3480 Terra
914 3420 993 3480 enim
1017 3438 1086 3477 cen·

37 3506 192 3566 immobile
207 3507 410 3566 universitatis
426 3529 526 3569 rerum
547 3531 563 3567 a
582 3509 736 3590 plerisque
756 3507 914 3566 statuitur:
935 3505 985 3564 vel
1002 3505 1085 3562 vices

32 3612 131 3667 orum,
161 3591 269 3670 quibus
294 3612 376 3652 nunc
395 3594 506 3653 sterilis
527 3596 662 3674 squalet,
696 3612 778 3653 nuno
803 3589 951 3651 soccunds
979 3589 1084 3659 floret,

38 3678 172 3736 Fortuna
188 3687 218 3736 et
230 3677 313 3734 Luna
329 3689 499 3740 constantes
513 3679 546 3739 in
561 3681 683 3739 iesitste
700 3697 754 3738 sus
769 3677 920 3737 dicuntur.
940 3693 1083 3735 womsus.

32 3775 103 3858 Peg·
120 3782 158 3855 6,
179 3782 210 3844 9.
254 3769 277 3856 ἦ
299 3773 415 3857 γοὶρ,ἇ“ν
438 3778 553 3855 ἐλλιπὲς
574 3774 687 3855 ἐδόκει]
709 3781 753 3840 Ita
777 3775 954 3857 legendum,
974 3796 1036 3835 non
1060 3765 1084 3860 ᾖ

32 3859 82 3938 iu,
110 3871 146 3922 ut
168 3861 285 3940 legebat
299 3863 435 3928 Wolfius.
478 3866 528 3925 Sic
549 3866 626 3926 infra
648 3865 791 3929 linxv.
809 3883 875 3943 cup.
893 3862 941 3923 VI.
964 3868 1036 3921 sect.
1056 3868 1083 3923 1.

33 3975 39 4011 r
61 3944 103 4012 diu
118 3947 151 4022 dr
169 3946 204 4011 το“
223 3947 380 4024 dastidium
400 3972 437 4011 or
456 3946 686 4034 iunousouiusuoc
704 3945 891 4026 τάπιτήδεια.
934 3946 985 4005 Sic
1002 3942 1085 4023 spud

33 4057 62 4096 r.
78 4033 165 4093 iliad.
181 4058 211 4094 α.
225 4025 248 4114 ἦ
261 4028 319 4114 γὰρ
335 4028 374 4096 ἂν
393 4038 525 4116 Ατρείδη
545 4041 604 4099 νῦν
616 4032 729 4100 ὕστατα
748 4028 913 4116 λωβήσαιο.
945 4048 1062 4090 uorum.

33 4135 102 4218 Peg·
117 4137 150 4214 6,
174 4136 224 4201 15.
268 4134 331 4197 Καὶ
350 4130 510 4219 προφήτας
531 4137 630 4221 ἕτερον
649 4130 778 4218 asinos]
813 4131 941 4193 Brsilius
958 4131 1034 4211 lmp.
1050 4131 1084 4189 iu

33 4223 130 4283 netis.
155 4240 221 4300 cup.
239 4220 343 4282 LXVI.
364 4218 581 4303 παρελθόντων
601 4218 639 4286 cd
658 4219 748 4303 πάθη
767 4225 830 4294 τοῖς
852 4221 911 4283 οὖν
932 4221 1085 4301 παροῦσιν

33 4331 68 4391 ςτι
87 4300 274 4374 διδασκάλια.
316 4327 447 4370 uucsnu.
