2722 4778
200 283 277 353 760
462 346 466 355 .
513 287 747 358 NICEPHORI
767 287 1009 361 GREGORAE

35 465 66 523 Δ.
79 464 113 515 nl.
126 453 533 543 6854=ciusmpvrilrropcrn¹c
544 456 706 539 βασιλίδος
731 457 783 521 καλ
797 462 854 523 τοῦ
875 453 992 541 ταότης
1012 456 1084 523 olori
1111 454 1169 540 τὴν
1191 453 1307 542 ἡγεμο-

70 536 122 587 Μ
134 529 169 591 ¹4
201 559 287 644 νικὴν
300 561 450 636 ἐξουσίαν.
478 558 525 624 διό
543 560 594 623 καὶ
609 557 807 646 πεπράχαμεν
824 557 919 648 *spor
934 560 1025 626 πλίον
1038 559 1139 639 οὗδέν,
1161 558 1182 644 ἢ
1201 569 1306 626 πᾶσαν

202 665 345 748 ἐκτρῖψαι
358 659 517 745 Ῥωμαίων
539 660 638 747 άρδην
651 663 756 746 ἶσχόν,
781 667 832 728 sul
851 664 939 750 μέχρι
960 667 1113 747 θεμελίων
1127 661 1233 728 αὐτῶν
1247 690 1305 728 κα-

173 772 323 847 usuam,
349 765 380 831 εἶ’
389 767 421 829 τί
435 790 495 830 που
513 772 660 850 χρηστῶν
679 767 812 832 ἐλπίδων
826 778 891 843 τοῖς
903 764 1061 852 πράγμασι
1076 766 1228 831 λίλειπται
1245 764 1305 845 ζεό-

199 895 309 956 πυρον.
330 878 396 944 τοῖς
408 868 468 954 γάρ
482 867 693 953 ἀνθρωπίναις
707 869 861 957 ἀναρτῶσι
875 870 911 934 τὸ
925 876 986 935 πᾶν
1000 871 1145 945 ἐπινοίαις
1159 870 1191 946 ἐξ
1203 868 1303 958 άβορτ
1319 897 1361 910 -

201 976 271 1048 λίας
301 973 332 1047 ἐς
362 970 509 1048 τοιαότας
531 972 753 1056 κατενηνέχθαι
776 980 874 1058 κῆρας
906 972 996 1039 οόδέν
1026 971 1149 1049 ἀπεικός
1175 965 1228 1037 ότί
1260 972 1305 1056 μὴ

203 1078 254 1141 καλ
271 1081 315 1163 τῷ
331 1077 407 1164 θείῳ
419 1071 505 1157 μάλα
519 1082 676 1160 προσῆκον
687 1082 804 1164 σκοπῷ,
826 1082 953 1160 χαλινον
967 1077 1023 1158 μέν
1037 1076 1202 1141 ἐπιτιθέντι
1218 1081 1306 1161 caspii

201 1185 242 1266 τῇ
262 1183 323 1244 τῶν
337 1177 543 1264 ἀνθρωπίνων
556 1183 709 1262 λογισμῶν
723 1178 898 1269 αόθαδείιγ,
926 1180 1127 1244 διδασκαλίαν
1141 1178 1173 1242 δ’
1192 1178 1306 1262 ἐναργῆ

202 1282 255 1346 διά
269 1287 326 1365 τῆς
338 1288 401 1347 τῶν
416 1278 606 1367 πραγμάτων
620 1283 726 1366 πείρας
738 1289 912 1369 περιφανῶς
928 1293 992 1357 τοῖς
1008 1283 1116 1368 ἐφεξῆς
1132 1283 1223 1345 αίῶσι
1244 1295 1308 1344 πα-

170 1384 412 1473 Εραπέμποντι·
440 1380 482 1458 ὥς
494 1381 567 1467 ἡμῖν
581 1384 622 1450 τά
634 1390 690 1468 τῆς
703 1387 870 1469 παροιμίας
883 1383 1025 1470 ἄντικρυς
1037 1386 1218 1466 συμβαίνειν
1230 1385 1306 1448 ἐκεί·
1321 1399 1358 1452 1

115 1500 116 1503 ’
203 1514 278 1573 γης,
300 1485 320 1572 ἡ
341 1483 478 1572 κάμηλος
497 1485 671 1576 (λεγούσης)
692 1484 927 1569 ἐπιθυμιάσασα
942 1484 1078 1574 κεράτων
1102 1487 1153 1551 καὶ
1177 1485 1217 1550 τά
1242 1479 1310 1552 rimu

203 1589 452 1678 προσαπώλεσεν.
482 1587 741 1674 ἐπιθυμιάσαντες
759 1590 819 1675 γάρ
840 1593 891 1655 καλ
913 1590 1002 1656 αὐτοὶ
1026 1587 1118 1673 δόξης
1137 1591 1189 1654 καὶ
1212 1586 1311 1673 τόχης

204 1696 360 1778 μείζονος,
388 1695 439 1758 καλ
465 1692 571 1779 καιρὸν
591 1692 668 1776 ἐχειν
691 1689 826 1778 ἐκάτεροι
846 1691 990 1770 δόξαντες
1008 1693 1137 1757 ἐκτεῖναι
1156 1691 1231 1767 τοὺς
1248 1698 1310 1757 τῶν

201 1793 361 1880 Ῥωμαίων
377 1794 489 1883 όρους,
511 1797 563 1861 καλ
574 1802 638 1861 τῶν
654 1795 752 1863 όντων
763 1795 942 1880 ἐξίστημεν·
970 1795 1028 1861 κάκ
1046 1797 1206 1862 πλουσίων
1216 1795 1311 1879 πίνη-

87 1968 91 1977 Κ
204 1924 272 1979 τις,
297 1898 354 1976 κάξ
379 1896 510 1976 ἐνδόξων
530 1897 637 1977 ἄδοξοι
655 1896 854 1985 γεγενήμεθα.
882 1896 1032 1965 tentem
1054 1900 1145 1984 ἐχρῆν
1164 1894 1240 1980 ἡμῖν
1254 1900 1305 1963 xci
1316 1907 1350 1965 15

105 2061 109 2076 x
176 2004 398 2068 Ιῖδιανοιῖσθαι
418 2005 470 2067 καλ
492 2004 572 2093 δρᾷν
587 1999 664 2090 όπέρ
686 2009 742 2068 τοῦ
765 2009 850 2089 κοινῇ
875 2002 1086 2089 συμφέροντος
1093 2051 1103 2082 ,
1127 2003 1200 2087 πρὶν
1214 1999 1234 2084 ἢ
1248 2028 1310 2066 πα-

203 2111 284 2186 θεῖν,
304 2106 365 2190 όψέ
378 2112 469 2192 γοῦν,
489 2103 568 2189 μετά
581 2105 617 2172 τό
633 2112 757 2186 nudus,
781 2105 930 2183 άξιονικαῖ
946 2108 1138 2171 διανοεῖσθαι
1152 2107 1205 2171 καὶ
1220 2106 1308 2194 δρᾷι·

201 2209 255 2275 ἵνα
268 2208 312 2294 μὴ
328 2213 456 2275 καὶτῶν
475 2206 584 2274 άλιέων
609 2210 728 2275 ἐκείνων
745 2201 826 2292 ὦμεν
846 2210 985 2293 χείρους,
1012 2204 1059 2284 οἷς
1078 2206 1158 2292 μετά
1176 2205 1213 2273 τὸ
1230 2213 1309 2296 πλη-

204 2318 296 2399 γῆναι
329 2312 388 2396 τὴν
417 2318 479 2378 τῶν
507 2310 710 2397 καθηκόντων
742 2313 965 2397 προσγίνεσθαι
988 2311 1102 2376 ἐπεισιν
1127 2308 1310 2393 αἴσθησιν.”

203 2413 274 2504 (Γ.)
303 2421 413 2480 Ταῦτα
430 2418 607 2499 διανοηθεὶς
628 2417 680 2481 καὶ
699 2412 910 2500 φθεγξάμενος
938 2411 955 2480 ὅ
983 2410 1177 2501 πατριάρχης
1207 2410 1344 2498 λόγοιςλ)

203 2518 429 2604 πιθανωτέροις
447 2514 539 2604 ὑπῄει
550 2521 602 2583 καλ
624 2519 764 2603 ἐπεχείρει
777 2519 893 2583 πείθειν
906 2517 1084 2583 συνθίσθαι
1098 2520 1149 2581 καλ
1170 2516 1229 2600 τὴν
1248 2523 1309 2596 βα-

108 2622 310 2686 uertenda
317 2620 439 2687 Ἄνναν.
467 2617 613 2706 εἶναιγὰρ
630 2619 743 2706 ἐφασκε
757 2621 877 2703 βέλτιον
884 2670 894 2701 ,
922 2617 1049 2696 ἑκόντας
1063 2621 1312 2707 Καντακουζηνῷ

206 2722 447 2808 σπεισαμένους,
471 2721 528 2808 τὴν
551 2725 678 2813 κρείττω
697 2733 812 2812 μοῖραν
833 2729 1057 2811 καρποῦσθαι,
1084 2724 1156 2811 πρὶν
1180 2721 1313 2810 ‹ipsepe-

207 2954 369 3022 sbdicasset,
386 2959 466 3027 atque
482 2957 546 3012 adeo
561 2954 594 3012 sb
605 2955 769 3028 imperatrice
783 2959 858 3013 duna
874 2961 902 3013 et
918 2957 952 3012 ab
968 2956 1024 3013 eius
1036 2957 1091 3012 tilio
1106 2971 1251 3028 supremam
1266 2971 1313 3026 po·

206 3033 328 3080 testatem
343 3026 424 3095 palam
441 3028 565 3082 auferret.
599 3027 771 3090 Quamobrem
784 3039 892 3098 uterque
905 3028 967 3081 nihil
980 3028 1050 3081 aliud
1064 3026 1185 3094 fecimus,
1204 3024 1255 3079 nisi
1272 3033 1314 3077 to-

207 3103 249 3148 tas
261 3096 365 3166 penitus
378 3097 545 3150 Romanorum
558 3097 628 3151 vire's
642 3097 799 3160 attrivimus,
817 3106 845 3150 et
857 3097 879 3149 si
895 3114 946 3166 qua
956 3099 1025 3150 torto
1037 3097 1121 3149 bonne
1138 3095 1195 3165 spei
1212 3093 1314 3148 scintil-

206 3164 261 3218 lula
272 3164 300 3216 in
312 3166 389 3217 rebus
405 3167 505 3236 reliqus
518 3176 601 3230 asset,
619 3184 674 3220 eam
686 3167 803 3219 funditus
815 3166 969 3219 sustulimus.
1004 3166 1058 3218 iios
1070 3166 1152 3229 enim,
1170 3163 1214 3233 qui
1230 3162 1314 3215 omnis

208 3233 243 3286 ad
259 3235 394 3287 humanam
412 3233 562 3289 industriam
577 3236 754 3305 imprudentes
766 3237 896 3298 referunt,
914 3252 946 3287 eo
960 3233 1112 3288 calamitatis
1128 3231 1235 3286 devolvi
1251 3230 1314 3284 nibil

206 3301 313 3366 mirum3
330 3303 404 3356 immo
420 3305 527 3357 maxime
545 3304 663 3375 congruit
676 3322 731 3357 cum
747 3305 837 3357 divine
852 3304 1030 3372 providentia3
1048 3304 1120 3356 cuius
1137 3309 1178 3355 est
1196 3302 1240 3355 bic
1258 3318 1316 3353 sco·

207 3387 266 3441 pus,
283 3379 312 3424 ut
326 3373 426 3426 humani
441 3374 517 3426 enimi
532 3374 697 3443 arrogantiae
709 3375 825 3427 fraenum
838 3381 936 3426 certum
951 3372 1059 3436 inliciat,
1076 3379 1102 3425 et
1116 3389 1163 3442 per
1177 3371 1261 3440 ipsam
1274 3387 1316 3423 re·

207 3456 263 3493 rum
275 3442 460 3510 experientiam
474 3444 581 3496 evidens
594 3444 627 3495 sd
643 3452 760 3513 posteros
774 3443 952 3495 documentum
964 3449 1054 3510 aperte
1066 3440 1233 3497 transmittat
1258 3439 1315 3490 No-

207 3508 250 3562 bis
265 3508 355 3580 itaque
370 3510 396 3563 id
410 3512 484 3581 plane
497 3529 544 3565 usu
557 3512 643 3576 venit,
661 3512 728 3582 quod
743 3511 846 3581 vulgari
862 3511 999 3582 proverbio
1013 3509 1065 3563 dici
1082 3511 1163 3563 solet:
1182 3507 1316 3561 camelum

208 3593 303 3631 cornus
319 3588 480 3648 appetentem
498 3583 574 3634 etiam
592 3583 696 3635 nuribus
717 3582 831 3634 orbatam
849 3598 917 3634 esse.
952 3580 1019 3634 Num
1034 3578 1122 3648 stipsi
1135 3593 1192 3629 cum
1206 3575 1316 3645 amplio-

207 3660 261 3697 rem
276 3646 427 3716 dignitatem
446 3651 626 3719 fortunamque
643 3657 837 3719 appeteremus,
854 3658 883 3702 et
894 3648 1052 3701 occasionem
1068 3646 1171 3714 utrique
1186 3645 1316 3697 Romanos

205 3713 301 3766 limites
315 3718 479 3783 promovendi
494 3720 605 3772 oblatam
621 3720 694 3772 nobis
709 3728 870 3801 putaremus,
888 3719 964 3771 etiam
978 3718 1018 3781 ils,
1037 3715 1083 3787 qui
1099 3722 1152 3767 tum
1167 3724 1252 3777 erem,
1269 3712 1316 3766 de-

206 3781 270 3836 iecti
289 3801 389 3848 sumua3
413 3786 541 3869 iidemque
558 3805 592 3840 ex
611 3788 737 3857 opulentus
754 3789 860 3857 inopes,
878 3804 911 3839 ex
923 3787 1067 3839 illustribus
1081 3783 1146 3836 viles
1167 3792 1195 3838 et
1210 3780 1317 3853 inglorii

207 3852 342 3907 evasimus·
378 3853 453 3916 Quas
467 3856 548 3924 igitur
561 3858 700 3926 oportebat
712 3863 758 3909 n'os
773 3864 801 3909 et
813 3856 951 3926 providere
964 3863 991 3908 et
1004 3855 1091 3907 lacera
1107 3851 1227 3922 publicae
1244 3847 1317 3903 utili·

206 3922 271 3977 tatis
285 3939 371 3986 causa,
388 3933 524 3992 antequem
537 3925 604 3996 lapsi
617 3943 738 3990 essemus,
758 3943 791 3979 ea
803 3943 861 3979 sero
878 3925 975 3988 saltem,
993 3940 1024 3975 ac
1039 3931 1173 3992 postquam
1188 3921 1257 3991 lapsi
1270 3930 1317 3989 su·

206 4007 272 4055 mus,
289 3992 377 4045 lacere
390 4009 499 4060 aequum
510 4004 551 4046 est
563 4011 594 4047 ac
608 3995 761 4063 provideres
779 4012 811 4048 ne
825 4001 852 4046 et
862 3993 1035 4076 piscatoribus
1050 3992 1099 4044 illis
1112 3990 1246 4043 stultiores
1261 4005 1318 4057 essa

207 4059 353 4124 videamur,
372 4062 464 4131 quibus
480 4080 546 4131 quse
559 4063 678 4116 iacienda
694 4064 791 4117 luerint
803 4072 900 4116 sentire
914 4071 976 4115 tunc
992 4061 1077 4125 subit,
1095 4077 1150 4113 cum
1163 4059 1264 4111 indicta
1277 4064 1318 4110 est

208 4126 311 4246 χωρί’
328 4130 405 4197 (111.)
418 4131 492 4184 Haec
507 4133 654 4200 patriarche
667 4150 722 4185 oum
736 4139 763 4184 et
775 4132 858 4185 animo
874 4131 1002 4200 agitasset
1013 4138 1040 4184 et
1051 4147 1096 4182 ore
1109 4129 1318 4198 pronunciasset,

227 4195 286 4248 ictis
303 4198 336 4250 ad
354 4201 560 4269 persuadendum
577 4201 848 4254 accommodatioribus
866 4201 963 4254 Annam
979 4199 1097 4261 subibat,
1117 4198 1194 4268 eique
1210 4207 1240 4249 ut
1256 4213 1318 4249 sen·

111 4292 112 4296 =
208 4264 305 4319 tentiae
313 4283 375 4320 suae
388 4268 525 4322 accederet
537 4270 694 4340 persuadere
709 4271 858 4322 conabatur.
893 4269 981 4324 Satius
994 4284 1086 4336 nempe
1098 4284 1156 4319 ease
1169 4265 1318 4329 dictitabat,

209 4348 274 4405 paca
290 4351 346 4391 cum
361 4337 542 4394 ceumcuzcuo
560 4349 654 4412 sponte
672 4339 760 4405 tacta,
785 4339 868 4412 partis
885 4336 965 4412 potiri
982 4336 1110 4402 melioris,
1127 4352 1207 4407 qusru
1222 4335 1269 4389 ubi
1283 4334 1318 4388 ab
