2686 5054
319 321 675 391 ANNOTATIONES
975 317 1076 390 1267

86 479 160 558 erit,
180 496 208 542 et
229 476 457 583 ι91667ιαίἶὶοαί
483 481 560 541 αἰαα
572 477 606 556 *)
623 477 778 544 orientales
798 483 968 564 provincias
988 486 1075 566 posi·

70 568 136 626 nisi
159 570 249 627 moris
270 564 365 628 latero
385 567 524 648 attingit.-
551 585 640 645 quem
663 566 938 652 interpretationem
955 572 1076 651 praelo·

73 660 157 730 puto
200 671 317 712 norum

70 777 90 835 7.
70 754 175 819 643
182 800 191 831 ,
215 759 264 821 16.
308 747 409 817 Κότυν
424 753 498 827 ἴσως
510 751 584 834 ἔχων
601 775 630 815 α.
644 774 669 818 τ.
683 751 729 834 L]
753 753 828 816 Vide
847 755 970 823 Homer.
986 757 1073 822 llied.

70 856 178 898 sorvrs.

70 963 93 1022 7.
117 938 194 1016 648,
218 946 267 1008 18.
310 934 444 1005 Καθόσα
465 941 552 1021 φιλία
574 942 699 1004 δίδωσιν
720 934 909 1023 ἀκραιφνής]
939 943 1075 1006 Obscnrs

90 1034 197 1102 atque,
218 1036 254 1085 ut
271 1037 407 1106 apparet,
432 1028 576 1107 scriptum
596 1027 745 1088 mendose.
790 1027 901 1088 Tamen
920 1029 962 1087 ita
986 1032 1076 1091 etiam
1175 1080 1178 1086 s

70 1111 256 1171 :eVaticano
275 1113 421 1193 scriptum
441 1114 554 1194 reperit
569 1113 625 1173 Vir
643 1111 842 1173 doctissimus.
884 1134 1001 1174 sorvis.

70 1216 265 1293 7.646,15
309 1214 512 1296 Συμπέπτωκε
528 1211 625 1302 τούτῳ
641 1209 992 1292 πάνταταῖναντιαίτατα]
1012 1216 1076 1277 Hu

70 1319 113 1358 or.
136 1299 188 1361 lib.
208 1300 290 1360 XVI.
309 1322 375 1381 cap.
394 1302 416 1363 l.
440 1311 513 1360 sect.
537 1280 612 1362 ult.
617 1322 683 1380 cap.
701 1301 734 1362 V.
760 1310 833 1363 sect.
852 1307 884 1367 7.
903 1303 957 1362 lib.
978 1303 1073 1363 XVll.

70 1383 88 1443 l.
104 1383 209 1444 etVll.
222 1384 274 1447 lib.
289 1387 372 1447 xxt.
389 1407 472 1468 cap.
464 1385 518 1445 VI.
534 1394 590 1445 etc.
632 1405 745 1446 somn.

70 1485 192 1566 7.6,47
219 1485 249 1550 4.
295 1482 463 1568 Tprsiuomoi
490 1512 550 1551 πον
581 1481 677 1567 μόνας
706 1485 821 1570 ἡμέρας
850 1484 1008 1569 ω’μιληναδς
1034 1478 1077 1575 coi

70 1532 305 1633 ilentscuzenns
320 1574 437 1634 Crslem
462 1575 603 1634 convenit
621 1573 741 1634 circiter
762 1572 840 1632 illud
858 1585 992 1655 tempus,
1015 1594 1075 1654 qno

75 1659 157 1716 sidus
181 1659 296 1734 oritur,
319 1657 379 1718 lroc
403 1670 447 1719 est
469 1670 579 1720 aestate
602 1660 738 1734 ineunte,
760 1659 815 1718 snb
832 1659 942 1720 exitum
964 1660 1075 1720 mensis

71 1752 84 1800 t
101 1752 273 1802 annotatum
292 1763 383 1824 suprs
400 1745 437 1804 ad
455 1765 521 1826 pag.
536 1748 609 1812 398.
624 1746 659 1809 E.
701 1706 783 1804 Idem
798 1765 880 1804 nunc
897 1745 1002 1805 diebus
1021 1744 1076 1804 tri-

72 1828 112 1887 ud
126 1829 243 1889 Crelem
258 1839 458 1890 commoratus
475 1851 537 1890 esse
550 1830 680 1910 dicitur3
701 1830 798 1910 iisque
817 1831 935 1910 elapsis,
956 1831 1076 1891 venisse

69 1933 87 1971 n
125 1911 266 1989 Serrlrss,
310 1926 437 1975 exeunte
463 1924 588 1991 aestate,
625 1916 716 1976 immo
748 1925 910 1975 auctumno
941 1915 1075 1992 ineunte,

70 2008 128 2056 mte
163 1998 222 2057 iam
258 1999 419 2061 uindemio.
475 2001 521 2060 lta
551 1999 655 2060 diebus
690 2000 812 2077 triginta
849 2011 941 2062 totam
981 2012 1076 2061 sesta-

70 2093 134 2143 stus·
154 2084 336 2144 conclusisse
356 2096 457 2144 noster
472 2084 524 2144 hic
542 2084 762 2163 Chronologus.
805 2083 864 2144 Sed
888 2087 1014 2145 sortasse
1037 2085 1076 2146 ad

70 2169 141 2247 ginta
164 2169 242 2246 dies,
265 2171 347 2250 npnd
363 2171 481 2232 Crslem
499 2180 706 2252 consumptos,
728 2169 797 2228 addi
813 2171 902 2229 etism
926 2170 1017 2229 debet
1035 2172 1076 2229 il-

70 2274 142 2334 pus,
172 2254 253 2334 quod
279 2266 438 2336 sntequem
458 2255 496 2315 ad
518 2256 624 2315 urbem
647 2253 773 2315 Serrhss
788 2246 971 2354 perventum
987 2264 1074 2332 esset,

70 2341 226 2417 icogendo
242 2351 272 2401 et
289 2342 484 2418 instruendo,
507 2352 596 2421 atque
617 2341 678 2421 ipsi
696 2339 795 2400 itineri
818 2338 1028 2399 conficiendo
1018 2360 1075 2399 sm·

73 2426 176 2485 luerit:
198 2437 233 2486 ut
252 2436 314 2487 turn
331 2427 451 2488 demum
468 2437 565 2487 castra
584 2446 678 2506 prope
700 2446 762 2485 esm
783 2425 879 2506 ipsam
895 2423 999 2484 urbem
1020 2445 1076 2505 po-

72 2554 83 2587 ,
105 2530 172 2570 cum
191 2511 248 2572 iarn
269 2523 363 2573 sestas
381 2523 444 2572 tota
466 2513 595 2572 exiisset.
639 2514 865 2573 Cantacuzenus
886 2509 998 2570 Hister.
1018 2511 1073 2572 lib.

70 2639 74 2656 .
95 2595 202 2656 XLIX.
225 2598 267 2657 sit
289 2619 321 2658 ss
343 2593 483 2679 orpoesoiv
504 2599 688 2678 παραλαβεῖν
710 2592 771 2676 ἤδη
791 2592 1075 2677 παρεσκευασμένην

70 2704 128 2755 noc
144 2679 277 2762 ἐκβολάς.
321 2682 404 2744 Idem
419 2682 518 2759 sddit,
540 2683 658 2743 Crslem
679 2701 747 2740 cum
766 2701 862 2740 uxore
877 2690 1074 2761 prosecutum

70 2785 163 2846 usqne
183 2768 220 2827 nd
239 2766 365 2828 confinia
386 2768 504 2848 imperii
517 2769 657 2829 Romani:
677 2767 711 2826 id
726 2765 809 2845 quod
830 2777 890 2826 non
907 2767 977 2826 satis
999 2787 1075 2826 con-
1122 2784 1135 2810 e

70 2872 99 2910 m
121 2852 289 2913 rationibus
308 2854 417 2914 nornis
437 2851 666 2932 chronologicis.
708 2870 825 2915 norum.
913 2881 919 2891 ·

70 2977 91 3033 7.
113 2959 175 3020 647
182 2998 191 3030 ,
212 2959 242 3019 9.
283 2950 349 3020 ’Emi
363 2953 421 3036 τήν
439 2951 530 3018 πόλιν
544 2956 687 3037 Σεῤῥαῖν]
710 2952 810 3033 Atque
828 2951 970 3013 hocloco
986 2953 1075 3013 stiam

70 3060 81 3098 s
102 3037 227 3138 §errius
244 3062 301 3121 pro
314 3040 424 3140 'Pheris
439 3040 586 3139 praefert,
608 3041 694 3100 cuins
709 3040 927 3119 praefecturam
945 3037 1075 3097 habebat

70 3143 248 3200 ausinianos,
270 3147 321 3204 qus
345 3125 383 3186 ad
398 3125 557 3186 Armenias
583 3146 709 3204 regnum
731 3123 947 3205 capessendum
969 3143 1074 3183 evoce-

70 3230 194 3290 nnuper
216 3211 390 3286 dimiserat,
412 3214 455 3271 uti
477 3220 579 3271 narret
602 3208 906 3271 centemnunt.
930 3228 996 3288 cap.
1019 3208 1072 3274 49.

70 3421 90 3477 7.
110 3401 190 3474 648,
213 3403 244 3463 7.
287 3392 435 3482 'Apodpd
457 3397 592 3482 Πέρσης]
615 3398 775 3459 Gentesne.
794 3394 846 3455 lib.
861 3394 913 3457 lll.
935 3416 1003 3477 cap.
1023 3394 1073 3460 56.

70 3489 89 3548 ).
132 3504 263 3542 nucsso.

70 3570 253 3647 765218
286 3566 473 3648 Μανουὴλο
491 3559 734 3648 Ταρχανειότης]
762 3566 1074 3649 Cognomentoliovp

70 3617 227 3717 Vantscnz
244 3654 296 3716 lib.
311 3654 362 3712 ΙΙΙ.
379 3675 446 3735 csp.
470 3661 518 3720 10.
531 3656 581 3720 32.
594 3659 645 3718 70.
689 3672 820 3712 uncino.

70 3740 193 3819 6756,
217 3744 265 3803 12.
306 3733 429 3800 Ἐπὶ
395 3765 452 3819 την
467 3735 557 3802 πόλιν
575 3737 721 3819 Σεόῥνῖν]
751 3734 792 3796 De
813 3736 871 3796 hac
892 3735 984 3796 alters
1008 3738 1074 3794 Ser

78 3824 127 3881 vel
146 3823 309 3884 Pheraeum
331 3833 445 3884 tentata
465 3825 619 3885 obsidione
639 3824 724 3899 silet,
747 3822 871 3904 opinor,
895 3824 1074 3881 Centscuze-

70 3929 168 3968 resno.

70 3993 193 4073 7.,653
217 3998 264 4058 16.
308 3986 474 4076 Ὀψόμενός
495 4017 527 4056 τε
555 3992 607 4056 καὶ
634 3987 867 4074 ὄφθησόμενος]
904 3988 1074 4067 Legendum

70 4043 123 4140 ias
137 4039 193 4140 eei
209 4073 425 4164 ὀφθησομένω.
456 4080 599 4160 Alioquin
612 4092 691 4142 esset
705 4080 915 4138 Soloecismus.
936 4094 1052 4134 norvrn.

70 4179 245 4261 7.,2654
290 4179 392 4264 Μέχρι
405 4180 456 4244 καὶ
472 4181 502 4255 ἐς
517 4176 609 4244 πόλιν
624 4183 814 4268 Στρονμμίνζ
796 4177 867 4259 ζαν]
891 4177 977 4254 Quae
992 4176 1073 4251 urbs,

70 4329 152 4385 edici
169 4331 198 4384 id
215 4331 286 4402 spud
304 4331 442 4388 'triballos
478 4348 580 4387 sorim.
632 4387 639 4402 ,
