2686 5054
420 297 783 369 ANNOTATIONES.
1064 292 1163 369 1213

19 452 94 521 οῦτε
115 449 275 560 ἐδόξαμεν
280 460 344 530 τοῖς
364 461 502 563 πολλοῖς,
529 451 604 521 οίλλοί
623 457 677 520 καλ
698 450 774 539 δύσχ
814 473 877 521 στοι
897 452 991 524 πλέον
980 451 1074 542 παρ’
1089 455 1164 526 ὅσον

17 542 76 604 καλ
97 538 308 623 εδρισκύμεθα
339 543 391 605 καλ
413 539 452 623 66
473 567 496 605 π
515 538 548 616 63
567 549 632 618 τοῖς
652 539 753 617 ίίλλοις
774 566 821 616 ος
840 542 892 607 καλ
913 545 1164 623 προσωνειδίκασι

15 651 52 690 το
45 624 110 690 ’ίν
136 625 294 709 ύποκρίσει
323 630 465 708 βιοῦντας
490 567 587 707 ήμῦς,
619 624 692 692 οῦδὲ
719 624 795 690 κατοί
821 633 877 707 τῆς
899 626 986 712 67663
1006 626 1099 693 ταδ’
1079 655 1163 713 αμω-

15 704 119 793 μήπου
135 710 232 818 ήμιῦν
251 714 379 786 πίστεως
400 718 626 819 συκοφαντήσοι
645 712 814 792 ἐφείσαντο.
835 708 882 787 οἷς
899 710 954 777 θεέ
971 719 1029 776 τοῦ
1043 714 1164 793 παντὸς,

15 821 33 861 ο
26 792 161 860 ἐλθαίν
183 794 278 871 εἰς’
246 822 279 861 το
302 795 420 877 πλύνης
439 797 491 860 καί
519 793 659 879 ύσεβείας
683 794 810 907 βροτούς
836 793 1099 902 έκλυτροίσασθαι,
1131 802 1164 865 ἐν

13 877 1165 1075 6}66666666666666616⁰‘666665666666‘⁸66
1245 942 1248 950 ’

11 1056 138 1134 μᾶλλον
158 1060 221 1126 τοῖς
241 1049 362 1135 περλ“
330 1078 381 1117 τον
400 1047 549 1159 Ἰάκωβον,
573 1061 637 1129 τοῖς
658 1048 818 1158 ἐπαροίτοις
840 1054 892 1117 καί
912 1076 1013 1134 παντη
1035 1063 1164 1119 θεοστν·

9 1137 118 1238 χέσιν·
142 1139 173 1200 οἳ
192 1137 245 1200 καί
266 1134 408 1220 καθάπερ
430 1133 720 1245 ιίπεχθρινήμενοι
691 1144 734 1201 τοῦ
753 1137 804 1203 ἐπλ
824 1133 950 1203 πάντων
969 1145 1045 1225 θεῷ,
1068 1141 1165 1203 δικαι-

11 1217 135 1287 οίσαντι
156 1221 252 1284 καί
213 1227 312 1323 ημᾶς
337 1219 543 1287 καλεῖσθαι’
524 1220 583 1288 απὸ
607 1202 758 1308 Χριστοῦ,
786 1223 839 1286 καί
865 1222 908 1307 μή
937 1204 1098 1304 ίχοντες”
1080 1249 1163 1299 οπως

8 1302 179 1371 ἐκεῖνον’
158 1303 342 1410 αμῦνονται,
370 1305 447 1371 κατὰ
467 1312 522 1411 663
543 1310 630 1417 ίερῦς
653 1309 771 1373 ἐκείνου
792 1311 980 1416 θεανδρικής
1000 1308 1052 1372 καλ
1073 1328 1165 1394 προσ·

7 1397 152 1473 ιιυνητῆς
174 1386 302 1468 εἰκόνος,
324 1398 379 1472 τῆς
397 1389 573 1475 ἐρημώσεως
593 1420 631 1457 τα
623 1388 904 1498 ’βδελῦχματα,”
879 1419 902 1458 ω
924 1399 986 1456 τῶν
1007 1394 1090 1476 ἐμῶν
1111 1420 1165 1458 κα-

5 1483 98 1553 κῶν,
120 1482 262 1556 λυττῆσαι
282 1473 340 1540 ουίι
359 1479 495 1558 ἐ’,φριξαν
517 1476 590 1581 πρὸς
612 1477 645 1542 δέ
666 1479 717 1542 καλ
738 1483 792 1560 τῆς
812 1473 1023 1560 παναχροίντου
1045 1482 1165 1543 δεσποί-

5 1587 75 1644 νης
95 1560 185 1668 ήμῶν
199 1557 384 1670 θεοτύκου,
386 1562 440 1627 καί
454 1569 510 1629 τοῦ
521 1559 620 1629 τύπου
638 1570 695 1628 τοῦ
716 1566 805 1627 θείου
825 1564 878 1626 καλ
900 1561 1059 1672 ζωηφόρου
1076 1584 1164 1627 σταυ-

5 1651 86 1731 ροῦ.
113 1641 156 1711 δι’
176 1643 231 1724 οῦς
250 1648 304 1712 καλ
324 1642 467 1731 οίνύθεμα
487 1655 582 1713 πᾶσιν
602 1651 763 1733 αέριτικοῖς
782 1645 921 1757 ἐκβορλ’
900 1647 961 1714 απιέ
982 1655 1061 1712 θεοῦ
1081 1674 1164 1713 παν-

3 1727 217 1834 τοκροίτορος,
237 1733 291 1797 καλ
311 1730 617 1843 χριστιαυοκατηχύρφ
638 1734 745 1811 παντί,
766 1740 810 1819 τῷ
831 1760 872 1816 μη
863 1730 1055 1816 ἀξιοχρέοις
1078 1758 1164 1816 μετα-

3 1813 174 1898 νοήσαντι.
202 1816 253 1882 διαί
274 1825 368 1883 ταῦτα
388 1820 442 1884 καί
461 1824 516 1902 τῆς
528 1819 618 1929 ῦμοῦν
637 1821 693 1900 (ita
709 1781 877 1900 lege6dum,
892 1842 952 1881 non
959 1815 1073 1926 ήμρῑν)Ι
1086 1817 1164 1928 6296-

1 1927 107 1984 τητος
125 1903 248 2008 δέομαι,
276 1902 320 1986 μή
347 1901 426 1986 πρδς
452 1902 637 2012 ἐμποδισμιίν
658 1905 800 1988 ἐνστήναί
820 1929 908 1981 τινα,
930 1899 968 1969 δι’
990 1929 1083 1969 αυτον
1108 1903 1163 1968 το“ν

4 1982 170 2069 Χριστόν·
192 1985 240 2052 ὅτι
261 1987 338 2070 μηδέ
359 1987 486 2054 δυνατὸν
509 1988 580 2054 ίίλλο
602 2015 631 2052 τι
652 1996 804 2073 φρονῆσαι
826 1985 941 2073 α’πύρτι
960 1988 1058 2072 ήμῦς,
1087 1991 1117 2053 εί
1133 2014 1164 2053 τι

37 2074 69 2136 6
91 2071 272 2181 μίνοιτο·”
253 2098 301 2139 οτι
320 2075 372 2139 καλ
388 2071 471 2183 χήρᾳ
490 2076 542 2139 καί
563 2071 709 2163 οίσθενείμ
735 2080 1000 2184 ταλαιπωροῦντες,
1021 2070 1150 2138 0666'
1110 2101 1164 2138 αυ·

3 2155 47 2223 τὸ
69 2153 113 2221 τύ
129 2157 207 2243 δρῦν
228 2159 343 2266 ἔχομεν.
376 2157 451 2223 α’λλοί
470 2156 590 2242 πρόσιτε
611 2139 700 2236 οἶξιῦ
707 2185 749 2247 τφ
738 2158 845 2267 ιίμίφ
870 2184 930 2242 μου
951 2155 1162 2242 αύτοκριίτορι,

5 2221 235 2351 ἐκδυσωπήσαι
256 2239 398 2309 κῦκείνον
417 2243 495 2327 ῦπέρ
516 2245 606 2326 ἐμοῦ,
637 2225 773 2309 πλέον
752 2240 895 2309 αποίντων
923 2248 979 2325 τῆς
1004 2244 1163 2324 ἐκκλησίας

2 2325 76 2412 τήν
99 2327 248 2411 μέριμναν
266 2329 417 2411 τρέφοντι,
441 2339 612 2433 συγκροτεῖν
633 2331 817 2407 ἐξαιτοῦντες
837 2329 889 2392 καί
904 2327 1108 2432 συντρέχειν’
1087 2335 1164 2434 υμῖν

5 2415 48 2479 ἐν
73 2413 177 2490 παντί,
199 2414 252 2478 καί
272 2420 386 2522 μᾶλλον
407 2416 451 2488 είς
472 2410 597 2522 ἐρεύνης
617 2420 823 2496 πνευματικῆς
844 2409 1042 2496 ιίναζήτησιν·
1065 2437 1107 2487 ως
1122 2410 1162 2476 ῦν

1 2495 67 2565 τὸν
91 2496 239 2580 ύρμόδιον
266 2507 332 2575 ταῖς
358 2499 515 2582 ῦμετεραις
544 2497 644 2582 ου’χαῖς
669 2499 862 2581 καταπέμψοι
883 2504 924 2586 τῇ
948 2501 1063 2584 ποίμνη
1086 2503 1162 2575 Χρι-

1 2580 103 2661 στδς,
126 2584 169 2659 είς
189 2583 349 2686 ἐπίσκεψιν
371 2583 475 2691 ίερέων
496 2584 549 2649 καί
576 2583 782 2686 μοναζόντων,
810 2585 863 2648 καί
887 2588 966 2648 λαοῦ
987 2579 1164 2690 Χριστωνύ·

1 2693 106 2771 μου
99 2672 156 2731 τοῦ
174 2664 356 2751 σύμπαντος
382 2668 456 2754 πρὸς
478 2669 511 2735 δέ
531 2667 665 2749 τούτοις,
696 2667 814 2774 ἐπεί
780 2694 833 2735 τον
854 2670 888 2734 ἐν
909 2669 989 2776 μέσφ
1011 2664 1092 2742 είκδς
1114 2667 1163 2732 εῦ-

2 2747 219 2860 ρισκύμενον
219 2755 272 2818 καί
293 2760 399 2819 λυπεῖν
417 2755 471 2818 και
490 2762 653 2820 λυπεῖσθαι
674 2752 757 2839 παροί
778 2779 885 2832 τινων,
914 2750 987 2829 τούς
1006 2749 1163 2859 λυπήσαν·
1221 2809 1227 2820 ,

26 2864 68 2914 ας
84 2833 309 2946 ὁπωσδήποτε,
337 2841 390 2904 καλ
416 2837 489 2916 τούς
507 2836 573 2948 ύφ’
595 2841 685 2924 ήμοῑν
710 2842 831 2921 λυπηθέ
831 2865 917 2918 ντας,
950 2836 1162 2948 συχχωρήσιως

1 2918 142 3001 α’ξιούσει
162 2931 232 3005 (pro
252 2919 403 3028 ρίξιοίσιιε)
424 2926 477 2989 καί
488 2920 729 3027 οίμφοτέρους
709 2950 725 2991 ο
748 2923 856 2990 666⁸
820 2950 854 2990 το
879 2931 974 2989 σῦσοι
994 2922 1028 2988 τύ
1051 2920 1162 2987 πλύτυ.
1271 2953 1277 2965 ι

2 3030 77 3091 ομα
100 3004 326 3114 φιλανθρώποις
344 3005 598 3093 παραγενόμενος,
620 3011 672 3075 καί
692 3018 834 3113 κρατυνεῖ
854 3005 924 3094 (μιο
939 3004 1159 3093 κρατύνειε)“
1123 3033 1160 3072 τα

28 3100 80 3157 οἷν
101 3087 286 3175 ύρθοδύξων,
308 3095 361 3159 καλ
382 3099 545 3201 σκαιωρίας
564 3094 765 3182 περιφυλοίξοι
785 3099 931 3169 παντοίας
951 3093 1003 3157 καλ
998 3093 1161 3197 ποιμένας
1203 3169 1206 3176 Ι

38 3204 67 3242 ι
89 3181 227 3282 ποίμνια,
250 3177 361 3255 ἴως’
326 3204 384 3262 την
403 3186 464 3285 χήν
484 3181 502 3247 6
521 3178 608 3267 ἥλιος
627 3182 735 3283 ἐφρρᾷ,
756 3183 929 3261 πρεσβείαις
948 3173 1096 3279 οίλήκτοις
1105 3182 1160 3258 τῆς

28 3262 69 3329 δν
92 3260 182 3346 ήλιον
203 3270 257 3347 τῆς
287 3263 484 3347 δικαιοσύνης
513 3261 736 3368 σωματωσύσης
758 3262 842 3329 θεόν
889 3271 959 3337 Τοῖς
989 3256 1161 3346 ἱερωτάτοις

4 3345 187 3460 ἆρχεερεῦσι
206 3355 293 3426 θεοῦ,
315 3350 367 3413 καί
387 3358 451 3426 τοῖς
468 3348 673 3428 ἐνδοξοτάτοις
694 3358 757 3426 τοῖς
777 3356 832 3432 τῆς
853 3344 1020 3451 συχκλήτου
1037 3351 1160 3429 βουλῆς,

34 3436 69 3499 αὶ
90 3441 154 3509 τοῖς
174 3432 376 3516 ἐντιμοτάτοις
395 3442 453 3501 τοῦ
472 3433 587 3520 κλήρου
616 3439 740 3519 ίερεῦσι
757 3435 807 3499 καλ
836 3430 1013 3515 μονύζουσι,
1042 3440 1106 3507 τοῖς
1128 3455 1161 3498 τε

2 3519 263 3627 υτρατευομέυοις
295 3520 348 3584 καλ
375 3529 440 3595 τοῖς
465 3527 520 3601 τῆς
540 3524 707 3598 πολιτείας,
737 3524 893 3595 πλουσίοις
911 3542 944 3583 τε
963 3518 1016 3582 καί
1035 3515 1161 3599 πενομέ-

40 3629 98 3681 ις,
119 3605 171 3668 καί
189 3600 319 3709 ἇνδροίσι
340 3606 393 3671 καλ
413 3607 550 3689 γυναιξί,
576 3612 651 3671 πᾶσι
674 3610 819 3713 διηνεκῶς
838 3611 1035 3713 χορηγεῖσθαι
1054 3600 1088 3668 τῦ
1104 3606 1161 3666 τοῦ
1279 3675 1282 3677 ,

22 3695 96 3754 ··εοῦ
125 3687 288 3772 ἐπεύχομαι
314 3691 411 3766 ἔλεος·
449 3687 512 3755 είτα
541 3691 594 3756 καί
621 3698 715 3755 πᾶσιν
743 3686 907 3796 οίντιβολιδ,
938 3687 980 3771 μή
1009 3687 1050 3763 63
1077 3689 1160 3769 ἐέυχε

0 3780 293 3879 οσταλαιπωρεῖν
312 3781 484 3852 κοπιοῑντας
502 3782 543 3863 τῇ
563 3776 597 3842 ἐν
616 3769 640 3864 6
656 3782 863 3881 παρυικοῦμεν
877 3776 1006 3861 ἐσχατιᾷ,
1028 3779 1083 3855 τῆς
1101 3780 1161 3838 Σο-

8 3863 93 3935 ίας
113 3867 194 3924 θεοῦ
214 3856 358 3925 ἐπύνω”
317 3886 441 3969 ορους
450 3861 600 3944 κειμένης,
620 3862 673 3925 καλ
693 3855 908 3970 τηλαυγούσης
914 3866 971 3942 τῆς
979 3839 1161 3942 (τούς)ένε-

41 3970 68 4008 ν
91 3951 250 4028 φωτισμοῦ
269 3943 344 4054 πρὸς
366 3943 464 4051 αῦτήν
483 3947 704 4057 ἐπιτρέχοντας·
726 3944 813 4052 πλὴν
822 3945 960 4026 καλύμῖν
982 3945 1055 4053 (non
1051 3942 1160 4049 ἡμῖν)

16 4066 20 4074 ·
22 4025 250 4133 ’τιμετρηθείη
278 4029 353 4115 πρδς
381 4037 439 4095 τοῦ
438 4037 513 4133 τής
541 4030 659 4142 α’γρίπης
684 4038 765 4097 θεοῦ
795 4028 869 4096 ὅσον
895 4031 947 4094 καί
974 4025 1018 4093 δι’
1039 4023 1161 4112 ύγαπην

0 4149 5 4154 ·
70 4112 232 4194 οπιύκατε,
252 4116 350 4222 καλή
369 4110 554 4223 οίντρίμειψις
574 4114 766 4224 οίμφοτέροις
776 4116 990 4222 δαψιλευθείη·
1023 4112 1089 4178 λπελ
1108 4112 1161 4176 καλ

1 4208 104 4331 μεῐς
123 4207 167 4288 τῷ
187 4201 300 4306 περλ
273 4207 359 4310 υμᾶς
380 4196 480 4310 α’λύτφ
490 4197 705 4312 συνδούμενοι
725 4198 835 4310 πόθῳ,
857 4195 912 4282 οῦχ
935 4199 977 4274 63
997 4199 1080 4279 ἐτυχι
1103 4200 1162 4261 διε-

89 4311 167 4352 ιν
186 4283 299 4366 αύτούς
318 4283 499 4369 (αύτούς)
478 4285 539 4369 αφ’
562 4287 658 4370 ύμῦν
682 4283 750 4354 ἀλλ’
773 4284 816 4365 63
836 4311 896 4352 που
915 4310 931 4351 ο
921 4279 1161 4371 μεμαλοφοινύ·
