2648 5086
142 331 378 401 HISTORIAE
396 322 818 404 nYzANTmAE'xxlv.
833 346 862 410 1.
948 329 1047 403 1141

67 498 131 578 ίας,
157 496 203 582 μὴ
224 493 300 562 εἶναι
322 497 477 586 διαφοράν
498 497 607 576 οόσίας
626 502 677 565 καί
699 496 849 586 ἐνεργείας
874 497 926 587 ἐφ’
950 496 1050 585 ἆιιλῆς
1066 516 1133 566 mc.
1146 515 1210 570 1³51

67 598 189 683 ’ωμάτου
214 597 353 688 φάσεως,
385 605 435 667 καὶ
457 600 592 685 μάλιστα
611 601 735 669 πάντων
755 605 810 685 τῆς
825 604 917 678 θείας
936 587 1214 709 ίκείνηςωζῦὲοὲψ

67 707 99 790 ἐρ
120 711 211 783 νοῦν,
238 703 318 788 μηδ’
339 707 371 780 ἐς
387 703 541 790 τοσαύτην
558 705 640 790 ἥκειν
659 708 822 790 διαίρεσιν,
852 701 895 781 nic
914 705 970 790 τὴν
991 709 1049 789 μὲν

67 834 126 874 ιτον
141 804 405 873 εἶναιπαντάπασι
418 812 580 892 κτίσμασιν
594 809 690 875 ducor
706 800 757 873 καί
773 806 836 873 άνω
850 834 910 875 nov
931 834 1049 896 περιγε-

67 912 128 995 ίνην
136 959 147 991 ,
176 909 233 994 τὴν
248 910 281 976 δ’
301 911 448 996 ἔνίργειαν
464 913 496 988 ἔς
509 911 550 978 τά
565 915 697 998 περίγεια
716 916 882 977 κατιοῦσαν
903 911 1046 980 άνοόσιον
1063 928 1094 983 Ρ.
1108 926 1162 985 714

74 1041 105 1080 τε
126 1011 284 1079 δόνασθαι
301 1016 431 1101 φορέσαι
445 1015 523 1099 μεθ’
537 1014 733 1102 ,ἱλαρότητος
754 1017 805 1078 καὶ
824 1011 921 1100 αὐτήν
941 1041 974 1083 τε
992 1019 1049 1100 με’-

67 1145 70 1162 ’
91 1116 235 1183 άκτιστον
253 1115 404 1202 άφλεκτόν
426 1144 458 1183 τε
480 1121 634 1203 διατηρεῖν
648 1118 704 1202 τὴν
724 1114 971 1203 άνθρωιιότητα,
997 1123 1049 1185 καὶ

67 1245 82 1286 ἐ
101 1216 300 1303 μεταδιδόναι
320 1223 371 1286 καί
391 1227 447 1305 τῆς
468 1223 579 1298 οίκείας
598 1218 816 1304 άκτιστότητος
837 1220 936 1308 αὐτῇ·
970 1221 987 1288 ὃ
1009 1229 1049 1309 τῇ

66 1323 131 1414 όσίιγ
144 1325 251 1388 ίνεῖναι
268 1322 304 1389 οὗ
319 1321 547 1410 συγκεχώρηταί
560 1325 598 1391 οἱ.
624 1327 813 1412 φθείρεσθαι
828 1321 886 1409 γάρ
903 1350 979 1411 φησι
992 1324 1048 1409 τὴν

67 1476 74 1507 ,
104 1429 176 1505 πρὶν
191 1426 469 1511 αὖτῆςμετασχεῖν.
501 1435 558 1512 τῆς
575 1435 649 1512 γοῦν
665 1424 754 1514 ἁγίας
767 1428 926 1513 παρθένου
942 1432 1049 1513 μηδα-

67 1532 205 1614 εχθείσης
223 1528 302 1613 μηδ’
328 1530 542 1615 άναλωθείσης
563 1538 608 1620 τῷ
634 1534 786 1616 πυρίτης
812 1533 903 1607 θείας
929 1531 1077 1612 οὖσιάς,Β

67 1659 114 1698 ται
129 1632 199 1698 κατ’
217 1630 329 1714 αὐτόν,
355 1635 399 1717 μὴ
413 1633 470 1718 τὴν
485 1636 575 1700 θείαν
590 1632 698 1700 odolen
717 1634 751 1711 ἐξ
772 1633 870 1718 αὐτῆς
890 1642 1049 1722 σεσαρκῶ-

67 1743 101 1802 οὔ
118 1733 227 1822 λόγου,
255 1735 404 1821 ίνίργειαν
424 1738 444 1802 δ
448 1735 458 1762 ’
480 1729 555 1820 οὖν,
583 1737 728 1804 άκτιστον
741 1729 837 1802 οὖσαν
851 1738 908 1820 μὲν
923 1741 974 1804 καί
989 1737 1049 1802 αό-

67 1837 196 1905 ἱνοόσιον
212 1839 245 1904 δὲ
258 1842 309 1903 καὶ
322 1837 484 1925 δφειμίνον
504 1865 571 1917 πως
583 1843 634 1907 καί
654 1840 699 1927 μὴ
723 1837 804 1906 πάνυ
820 1865 868 1906 τοι
882 1842 992 1928 φλίγον
1009 1840 1046 1906 τό

69 1943 229 2028 κτημίνην.
256 1941 293 2008 οὗ
312 1939 370 2027 γάρ
388 1942 463 2008 ποτ’
482 1942 552 2008 οότε
566 1969 622 2009 του
640 1950 703 2009 τῶν
723 1943 824 2010 ἄλλων
838 1940 949 2029 ἁγίων,
977 1942 1049 2010 οὔτ’

67 2047 209 2111 >eracleo
224 2052 280 2110 τοῦ
295 2048 385 2110 θείου
398 2042 508 2130 ἀκήκοε
521 2053 661 2129 βοῶντος
670 2056 735 2122 τοῖς
747 2050 954 2129 Μανιχαίοις·
977 2047 1051 2127 »εί-

78 2148 105 2214 oi
126 2149 285 2234 ίφευρεταί
305 2154 363 2214 τοῦ
386 2154 492 2214 καινοῦ
515 2148 596 2214 καθ’
620 2145 703 2231 ῧμᾶς
722 2147 897 2234 εὐαγγελίου
904 2198 915 2229 ,
950 2149 1050 2215 πόθεν
1125 2160 1130 2171 ’

67 2251 234 2337 ατηγγίλη,
261 2248 362 2336 σάρκα
386 2251 530 2317 άκτιστον
552 2251 662 2336 λίγειν,
691 2249 769 2316 ὥστε
791 2250 810 2337 ἢ
834 2252 892 2336 τὴν
912 2249 1081 2335 θεότηταο

67 2380 118 2439 γου
141 2356 183 2430 είς
200 2351 396 2437 μετάπτωσιν
416 2353 532 2439 σαρκός
555 2352 785 2443 φαντάζεσθαι,
812 2351 834 2440 ἢ
854 2355 910 2440 τὴν
931 2357 1052 2421 οίκονο-

67 2463 103 2523 οὔ
116 2454 247 2533 ’πάθους
260 2459 311 2522 καί
323 2464 380 2522 τοῦ
396 2454 538 2524 θανάτου
555 2460 606 2523 καί
621 2463 677 2541 τῆς
690 2455 899 2539 ἀναστάσεως,
925 2455 1052 2541 δόκησιν

66 2587 83 2626 ν
105 2562 156 2626 καί
177 2561 362 2648 φαντασίαν.
394 2559 539 2637 όκτιστος
556 2562 613 2645 μέν
634 2560 693 2648 γάρ
715 2560 829 2648 πέφηνε
848 2556 929 2646 μόνη
945 2557 965 2645 ἦ
981 2558 1052 2648 άγία

86 2682 251 2776 φίεχθείσης
263 2707 348 2777 Capp.
368 2704 394 2759 in
412 2711 503 2771 textu,
521 2704 548 2758 in
563 2722 613 2776 mg.
627 2704 693 2763 coni.
707 2706 901 2777 φθαφθείσης,
918 2705 947 2760 in
961 2722 1051 2776 apogr.

67 2782 84 2827 rt
100 2779 281 2844 φθεχθείσης.
336 2778 378 2831 18.
395 2775 559 2847 καταγγέλίη
576 2777 618 2830 vei
634 2780 806 2899 κατηγγὲίθη
823 2778 883 2832 edd.
949 2779 995 2831 20.
1013 2773 1053 2843 ὡς

67 2862 140 2915 κησιν
153 2845 195 2899 od.
245 2848 290 2904 21.
307 2846 353 2899 uui
367 2850 524 2914 φαντασίαν
542 2847 618 2899 decet
630 2847 687 2900 ine
707 2885 715 2900 .

67 2963 107 3017 liei
125 2971 202 3034 atque
215 2963 368 3034 incorporea
381 2972 408 3018 et
420 2964 527 3018 omnium
540 2965 649 3018 maxime
661 2964 688 3018 in
700 2965 786 3019 divina
799 2964 859 3030 iiia,
875 2983 943 3036 quae
953 2977 1052 3020 omnem

67 3047 113 3086 tum
130 3041 251 3102 ruperat,
267 3044 374 3097 natura,
392 3035 485 3087 nulium
507 3036 635 3088 auantiae
653 3047 681 3089 et
702 3035 861 3105 operationis
880 3053 939 3088 erae
959 3035 1053 3088 diacri-

67 3121 94 3156 eo
107 3120 152 3155 eea
166 3104 234 3156 inter
246 3120 275 3155 ae
288 3110 424 3171 tantopere
434 3103 556 3166 differre,
571 3110 601 3155 ut
611 3105 724 3157 aaaentia
738 3106 838 3174 quidem
851 3106 884 3157 ab
896 3105 966 3158 nulia
976 3121 1053 3158 crea·

67 3173 111 3224 rait
123 3173 174 3224 υΙΙο
186 3171 259 3224 modo
274 3173 443 3242 participari,
459 3180 488 3225 at
499 3172 656 3226 caelestibua
669 3173 734 3226 locis
744 3174 928 3242 quodammodo
941 3176 1053 3226 circum·

68 3243 110 3293 ait
151 3241 279 3309 Operatio
295 3251 394 3303 autem,
417 3259 462 3294 aeu
481 3242 598 3295 efficacia
614 3261 661 3312 per
681 3261 710 3296 ae
723 3243 824 3295 minime
842 3243 1001 3305 aubaiatena,
1016 3239 1051 3295 ad

67 3328 129 3363 ‘enea
148 3310 304 3375 descendat,
321 3310 430 3363 libenter
446 3319 473 3363 et
491 3312 572 3364 hilare
585 3329 686 3365 caruem
698 3320 798 3380 geatet,
816 3312 875 3381 ipae
889 3313 1007 3364 increata
1022 3316 1051 3364 et

67 3387 131 3448 mpta
152 3396 256 3432 manen·
278 3383 414 3432 conaemet
435 3380 632 3443 humanitatem,
653 3399 710 3434 oum
728 3399 780 3451 que
794 3381 901 3449 insuper
921 3380 971 3433 eibi
988 3397 1051 3448 pro-

67 3450 163 3502 nereeti
177 3448 345 3501 conditionem
360 3446 543 3511 communicet;
560 3453 627 3519 quod
642 3450 669 3502 in
680 3451 791 3503 divinam
805 3449 974 3503 aubetentiam
987 3467 1051 3502 oon-

68 3518 185 3570 Palamaa
211 3519 348 3570 inficiatur.
398 3518 487 3580 „Caro
506 3518 605 3582 euim,’'
626 3520 726 3588 inquit,
751 3518 841 3588 „priua
865 3520 1051 3583 absumeretur,

71 3586 146 3639 vinae
160 3589 236 3640 fleret
249 3586 408 3640 aubatantiae
420 3586 576 3657 particepe.”
594 3587 657 3641 Cum
670 3589 758 3658 itaque
772 3596 862 3640 amicta
878 3587 967 3656 Virgo,
983 3588 1053 3640 diri-
1157 3612 1163 3618 ·

67 3655 183 3708 atantiee
195 3657 256 3724 igne
269 3656 400 3709 combusta
414 3666 461 3708 aut
476 3665 626 3726 consumpta
640 3675 690 3710 non
705 3658 795 3718 suerit,
813 3657 869 3710 colii
890 3658 943 3709 'tur
959 3669 1065 3710 aecuu·'

67 3741 85 3775 ιε
98 3725 251 3793 opinionem,
269 3726 382 3778 divinam
398 3725 477 3778 Verbi
491 3727 658 3779 aubetentiam
670 3744 703 3779 ex
717 3726 775 3796 ipae
788 3728 863 3778 beata
901 3727 986 3794 irgine
1000 3743 1053 3780 uon

67 3802 222 3857 roarnatam,
239 3793 284 3846 aed
305 3794 476 3865 operationem
490 3813 535 3847 eeu
548 3796 693 3848 efficaciam
710 3797 836 3865 quandam
852 3796 993 3860 duntaxat,
1011 3797 1054 3847 in·

80 3863 200 3930 quidem,
216 3863 262 3915 aed
278 3880 324 3933 per
339 3881 368 3916 aa
382 3863 482 3916 minime
494 3863 689 3928 subsistentem,
707 3882 774 3934 quae
788 3863 934 3917 interiorem
947 3880 993 3916 aen
1007 3881 1053 3916 re·

76 3931 160 4000 ignem
178 3948 226 3985 nec
241 3932 340 3986 omnino
358 3933 542 3986 combustirum
563 3934 721 4003 presidebat.
761 3935 907 4055 Numpuam
927 3932 1053 3985 enim-ui·

67 4001 144 4053 anctia
158 4001 294 4068 Patribua,
311 4009 426 4055 renotem
438 4002 589 4072 praeaertim
602 4003 778 4066 Athanaaium,
795 4019 828 4056 au
849 4003 880 4054 iit
893 4000 1052 4054 Manichaeia

67 4086 120 4123 eme
152 4070 282 4135 ‚,Dicite,
305 4079 425 4124 auotorea
447 4072 508 4124 novi
527 4071 665 4124 eorundum
684 4088 730 4125 vua
754 4070 909 4138 Evangelii,
926 4068 1052 4145 undenam

67 4138 217 4192 medicatum
232 4149 288 4204 eat,
306 4157 407 4193 carnem
420 4139 559 4193 increatam
577 4158 636 4194 eaae
647 4140 795 4203 dicendam,
813 4139 851 4191 ita
864 4144 893 4189 ut
907 4144 952 4190 aut
968 4137 1053 4191 deita-

67 4207 94 4260 bi
106 4208 133 4260 in
148 4225 251 4261 carnem
270 4209 394 4292 dilapsam
413 4216 440 4261 et
456 4217 578 4262 muntem
593 4210 672 4264 iniere
687 4207 924 4270 comminieoamini,
941 4215 988 4259 aut
1006 4223 1052 4259 oe-

67 4294 96 4329 uo
109 4277 245 4348 paaaionia,
262 4288 361 4344 merua,
379 4285 406 4330 et
415 4279 620 4342 rerurrectionis,
637 4295 731 4331 meram
744 4276 917 4347 apparentiam
930 4282 958 4329 et
969 4276 1053 4345 phan-

67 4345 238 4402 exiatimetiai
260 4347 323 4403 Sola
335 4347 403 4402 euim
415 4355 507 4401 rauna
526 4347 632 4402 deitati·
649 4347 767 4402 'l'riuitae
780 4354 821 4400 eet
834 4344 951 4399 increata
966 4352 994 4398 et
1005 4361 1052 4398 aa·
