2640 5108
221 643 297 716 728
528 649 765 718 NICEPHORI
786 649 1028 721 GREGORAE

58 826 86 872 d·
102 823 133 872 Μ·
146 820 214 876 ⁶353
224 813 312 888 θειάν
325 841 358 882 τε
376 815 426 879 καί
439 809 649 900 Περιδύριον,
676 816 727 880 καὶ
745 811 804 880 ὅσα
827 813 879 901 ἔφ’
897 811 1027 901 ἑκάτερα
1041 816 1093 881 καί
1107 814 1225 900 μεταξύ
1240 821 1301 881 πολ

91 894 143 943 lul.
157 893 296 1011 13Εγνιά
312 945 345 985 τε
368 921 420 984 καὶ
437 921 559 1004 χωρία,
586 918 637 982 καὶ
660 915 879 1003 στρατεύματα
902 919 1010 983 ἱππικά
1024 917 1182 1002 τεττάρων
1194 920 1301 983 ε’πένειν

217 1022 376 1113 χιλιάδων.
417 1019 488 1110 (Δ.)
514 1020 633 1108 Θέρους
647 1021 679 1085 δ’
695 1021 755 1106 ἤδη
769 1028 947 1104 μεσοῦντος,
968 1025 1019 1087 καὶ
1032 1029 1089 1106 τῆς
1101 1029 1158 1107 γῆς
1168 1023 1201 1086 έν
1215 1021 1301 1104 nixum*

221 1122 422 1213 ὑπαρχούσης
435 1131 492 1198 τοῦ
508 1126 615 1204 σίτου,
645 1124 702 1200 τάς
718 1123 862 1207 δυνάμεις
876 1124 1048 1211 ἀνειληφὼς
1065 1122 1190 1200 άπάοας
1205 1121 1301 1205 ddum

222 1233 292 1308 λεδς
320 1226 407 1313 ε’γγύς
424 1253 485 1294 που
507 1234 563 1292 τοῦ
578 1229 770 1313 Περιθορίου
782 1229 1120 1314 παρεστρατοπέδευσε,
1148 1230 1200 1292 καί
1214 1230 1256 1303 είς
1268 1224 1301 1292 τά

224 1342 269 1414 ξιν
284 1331 448 1415 πολεμικὴν
462 1328 612 1415 διεκόσμει
627 1355 659 1395 τε
674 1335 724 1395 καί
738 1332 900 1398 συνέταττε
915 1338 1007 1417 σιγάς.
1035 1330 1096 1416 ἤδη
1111 1331 1145 1396 δέ
1159 1333 1211 1396 καί
1227 1327 1301 1396 ὄΜι

222 1440 360 1522 μιτιλας,
389 1431 578 1519 ὁρμητήριον
601 1431 713 1519 δχυρόν
730 1431 841 1501 ἑαυτοῦ
863 1436 899 1501 nd
914 1428 1106 1520 Περιθάριον
1128 1431 1301 1516 καταστησά

191 1548 329 1628 Ρμενος,
352 1535 429 1626 ἐξῄει
448 1543 576 1626 πολλαῖς
591 1561 624 1601 τε
641 1539 853 1624 πεφραγμένος
876 1549 945 1615 ταῖς
968 1535 1116 1619 δυνάμεσι
1141 1539 1194 1602 καί
1214 1540 1301 1601 πλείω

222 1636 467 1729 ἔκτετυιμωμένος
483 1647 527 1729 τῷ
541 1637 663 1725 θράσει.
688 1641 760 1706 οὐδὲ
771 1641 829 1727 γάρ
845 1642 934 1708 οὐδέν
948 1639 1018 1706 ούτε
1030 1641 1141 1725 μικρδν
1155 1638 1227 1706 οὔτ’
1242 1640 1301 1724 ἆγεν

223 1749 273 1825 νές
285 1744 521 1832 ύπολογίζεσθαι
540 1736 578 1827 ἦν
602 1743 687 1832 αύτῷ
710 1748 777 1829 περὶ
795 1742 928 1810 ἑαυτοῦ·
964 1743 1037 1810 ἀλλ’
1068 1742 1171 1830 ὥσπερ
1195 1743 1226 1807 έν
1239 1766 1301 1828 χερο

223 1852 281 1936 τὴν
296 1852 382 1934 νίκην
397 1847 457 1932 ἤδη
476 1848 526 1911 καὶ
541 1845 600 1930 πρὸ
616 1852 672 1930 τῆς
686 1849 792 1933 πείρας
805 1846 881 1932 έχων
897 1853 959 1913 τῶν
976 1848 1139 1929 πολεμίων,
1168 1844 1250 1912 ούτω
1263 1871 1301 1926 μιν

224 1961 290 2042 uolgi
305 1960 349 2041 τῷ
365 1948 479 2037 θράσει
493 1948 614 2036 ῥέωνές
628 1949 742 2033 μέσους
755 1950 867 2035 ἤλαυνε
880 1951 954 2026 τούς
967 1953 1142 2033 πολεμίους,
1172 1945 1277 2037 (E.)‘0
1290 1948 1301 2012 δ

121 2063 155 2118 Ρ.
164 2054 367 2142 δὸίβασιλεύς
382 2051 461 2118 κατά
477 2051 619 2135 μέτωπον
638 2058 702 2118 τῶν
719 2056 871 2137 πολεμίων
888 2051 999 2119 έαυτδν
1019 2052 1099 2119 κατά
1121 2058 1184 2118 τῶν
1198 2049 1301 2133 Ῥωμαὶ

224 2166 286 2225 κῶν
306 2153 465 2241 δυνάμεων
489 2152 716 2238 συνταξάμενος
738 2156 796 2241 τὴν
818 2156 932 2244 έφοδον
953 2159 1004 2221 καὶ
1026 2156 1081 2226 τόν
1096 2151 1214 2243 δρόμον
1236 2155 1301 2239 έκοιρ

224 2261 303 2345 τέρει
320 2265 375 2325 τοῦ
399 2261 587 2340 Moundou.
614 2258 673 2335 τάς
694 2261 729 2326 δέ
741 2262 898 2345 Περσικὰς
915 2257 1078 2343 δυνάμεις,
1106 2256 1224 2334 πολλάς
1242 2283 1301 2322 τινα

225 2363 338 2443 ούσας,
365 2364 407 2439 είς
429 2361 541 2447 ἀκριβῆ
558 2359 722 2446 περιήλασε
738 2361 865 2445 κύκλον,
895 2359 938 2440 ὡς
958 2363 990 2428 ἓν
1004 2363 1107 2450 μέσῳ,
1136 2359 1301 2446 καθάπερι

124 2483 158 2536 V.
166 2468 327 2554 θῖοείρκτῇ
341 2468 392 2530 καὶ
406 2462 519 2553 δικτύῳ
525 2514 535 2545 ,
565 2473 802 2550 συγκλασθῆναι
814 2468 997 2549 Μομιτίλαν
1016 2465 1095 2548 μετὰ
1115 2462 1219 2548 πάσης
1232 2463 1301 2529 αὐτο

225 2578 282 2655 τῆς
300 2566 469 2652 δυνάμεως.
498 2569 560 2632 ἐπεὶ
585 2569 684 2634 δὲκαὶ
706 2581 772 2646 τοῖς
793 2576 854 2636 τοῦν
871 2570 1044 2654 σαλπίγγων
1059 2594 1092 2634 τε
1108 2571 1160 2634 καὶ
1174 2574 1236 2633 τῶν
1249 2591 1301 2647 τυμ

226 2671 332 2740 πάνων
354 2669 476 2758 κρότοις
499 2674 734 2757 συνανεκίρνατο
756 2669 847 2758 καὶὴ
872 2683 937 2749 τοῖς
956 2668 1132 2758 βαρβάροις
1154 2670 1245 2756 ἤθεσι
1265 2673 1301 2734 nni

195 2782 360 2865 ΒΠερσῶν
381 2778 450 2861 περὶ
481 2774 555 2851 τούς
576 2775 728 2856 πολέμους
750 2772 903 2860 ἡλικιῶτις
923 2775 1059 2860 κλαγγὴ,
1096 2771 1196 2852 πολύς
1212 2798 1245 2840 τε
1267 2771 1301 2837 de

223 2879 326 2946 πάντα
341 2878 395 2944 τὸν
406 2883 509 2962 χῶρον
524 2879 638 2942 ἐκεῖνον
655 2875 672 2944 d
688 2875 829 2965 θόρυβος
844 2871 883 2964 ἦν
903 2881 954 2944 καί
974 2876 1090 2962 πολλὴν
1115 2879 1148 2954 ές·
1170 2877 1301 2963 άπροσδσ

224 2979 320 3068 κήτου
338 2988 383 3070 τῷ
397 2981 562 3070 Μομιτίλρ
576 2980 632 3064 τὴν
649 2979 836 3067 κατάπληξιν
851 2983 977 3048 ἐνεποίει
992 2984 1044 3046 καὶ
1062 2980 1123 3066 πρδ
1139 2987 1196 3065 τῆς
1210 2981 1301 3065 πείρας

224 3087 276 3151 καὶ
304 3084 340 3150 τὸ
363 3089 480 3169 γαῦρον
509 3083 603 3150 έκεῖνο
634 3082 758 3172 σφόδρα
787 3088 839 3151 καλ
860 3085 1014 3170 μετέωρον
1034 3083 1150 3169 έδραυε
1172 3082 1301 3170 φράνημι

225 3184 293 3278 (ς’.)
320 3189 385 3252 Καὶ
399 3188 453 3252 ’ίνα
474 3185 532 3262 τάς
552 3187 585 3251 έν
607 3187 692 3276 μέσῳ
713 3186 809 3272 τύχας
831 3191 881 3253 καί
904 3183 1134 3273 άγχιστριίρους
1156 3188 1255 3262 ἕλικας
1269 3205 1301 3247 τυ

225 3291 362 3374 πολέμου
387 3289 608 3377 παρέλθωμεν,
634 3298 698 3358 τῶν
716 3294 820 3358 ’ίππων
842 3291 939 3367 εὐθύς
962 3288 1136 3372 ἀποβάντες
1158 3290 1189 3355 ni
1209 3287 1301 3354 πλείου

224 3420 291 3475 euim
313 3425 374 3474 tunc
393 3419 533 3474 inditione
552 3437 600 3473 sua
618 3422 696 3474 urbes
709 3420 848 3474 Xanthiam
867 3438 899 3474 ao
911 3419 1099 3482 Perithorium‚
1117 3424 1146 3472 et
1159 3425 1301 3488 quaecnuqll

225 3491 282 3544 sive
296 3489 416 3558 utrinque
431 3490 566 3554 adiacent,
584 3491 640 3542 sive
653 3490 790 3542 interiecta
803 3498 872 3558 sunt,
890 3489 1027 3560 municipia
1040 3506 1072 3542 oc
1085 3489 1158 3552 loca3
1176 3497 1205 3541 et
1216 3485 1301 3557 equitat

224 3560 295 3612 ultro
308 3567 421 3628 qustuor
432 3558 520 3614 millia.
549 3559 625 3627 (IV.)
642 3558 730 3614 menis
744 3559 794 3612 ism
807 3567 915 3622 aestate,
933 3576 989 3612 cum
1003 3561 1094 3627 fruges
1108 3566 1222 3611 maturae
1235 3557 1301 3608 ursui

224 3629 366 3697 imperator
378 3629 461 3697 copiis
474 3627 589 3681 omnibus
609 3645 694 3681 aecum
707 3629 845 3697 assumptio
861 3637 1060 3681 castrametatus
1072 3636 1113 3680 est
1126 3627 1199 3680 iuxto
1211 3623 1301 3679 Penius

224 3696 307 3760 rium,
325 3713 434 3766 suosque
448 3698 507 3750 acie
524 3697 626 3750 directa
642 3697 767 3749 instruxit
785 3703 813 3749 et
832 3697 972 3750 ordinavit.
1007 3697 1060 3749 lum
1080 3705 1164 3750 autem
1182 3691 1301 3749 Momitilar

225 3782 282 3819 oum
297 3766 322 3818 in
338 3767 403 3818 urbe
418 3766 566 3819 Perithorio
582 3765 737 3835 praesidium
751 3766 800 3817 sibi
815 3765 912 3819 firmum
927 3766 1120 3828 consonuisset,
1137 3782 1231 3833 magua
1247 3762 1301 3840 stip}

224 3841 268 3888 tus
289 3835 413 3889 hominum
432 3852 506 3888 mauu
530 3841 558 3887 et
582 3834 719 3888 maioribus
738 3834 828 3887 animis
842 3836 964 3899 unitatur,
991 3834 1133 3904 prodierat.
1169 3833 1244 3887 Nihil
1262 3843 1301 3882 enu

225 3921 348 3989 porrum,
372 3905 437 3957 nihil
457 3904 550 3957 humile
571 3905 605 3957 da
624 3921 653 3955 se
671 3921 779 3973 sperare
797 3904 821 3956 ei
841 3904 1026 3966 succumbam
1044 3904 1092 3956 red
1108 3903 1184 3973 quari
1198 3898 1301 3955 victoria

224 3991 291 4038 nam,
309 3975 476 4027 antefactum
492 3989 597 4043 puguae
609 3973 765 4042 periculum,
785 3974 894 4045 haberet
905 3990 969 4042 prae
981 3972 1112 4036 munibus,
1130 3973 1230 4025 medios
1242 3972 1266 4022 in
1280 3970 1301 4019 lu

224 4051 279 4096 ates
299 4044 355 4095 ruit
372 4043 463 4111 plenus
483 4042 615 4095 audaciae
650 4042 712 4110 (V.)
730 4044 765 4095 At
783 4042 938 4112 imperator,
955 4043 1080 4095 adversus
1096 4042 1209 4096 hostium
1224 4042 1301 4113 fronte

224 4130 254 4166 ae
268 4118 296 4166 et
310 4114 437 4164 Romanae
448 4111 562 4179 legiones
577 4127 632 4163 cum
645 4111 812 4176 collocasset,
829 4111 950 4181 impetum
962 4121 1041 4180 atque
1053 4111 1225 4164 incursionem
1239 4109 1301 4163 mou

223 4182 288 4236 tilae
304 4181 454 4233 sustinebat.
490 4180 610 4233 Persicae
629 4188 713 4234 autem
733 4180 819 4246 vires,
842 4199 908 4250 quae
924 4198 1075 4236 numerosae
1091 4187 1183 4241 aaut,
1200 4181 1228 4232 iu
1245 4178 1301 4230 orbe

224 4257 347 4304 accurate
360 4248 474 4318 undique
489 4248 623 4318 explicuit,
640 4249 706 4303 utin
721 4250 821 4316 medio,
836 4256 959 4320 tuaquom
971 4267 1077 4303 carcero
1089 4256 1134 4302 eut
1147 4249 1255 4309 retibus,
1271 4244 1301 4298 ll<

224 4318 321 4373 suitilan
336 4335 392 4370 cum
406 4318 475 4370 omui
486 4335 533 4369 suo
548 4318 664 4371 exercitu
677 4319 860 4374 includeretur.
894 4319 988 4372 Statim
1001 4336 1065 4372 vero
1080 4327 1160 4387 atque
1172 4320 1301 4370 tubarum*

224 4394 402 4457 tympanorum
422 4404 485 4438 sono
504 4388 581 4440 misto
600 4395 641 4440 eet
660 4388 706 4442 illa
727 4389 846 4443 barbaria
866 4389 1002 4442 Persarum
1021 4388 1144 4440 moribus·
1155 4386 1288 4440 familiolis

225 4455 291 4509 bello
304 4455 467 4520 vociferatio,
485 4456 606 4525 plurimus
618 4475 666 4526 per
678 4475 776 4511 omnem
787 4457 857 4511 illum
870 4458 952 4511 locum
965 4456 1087 4510 tumultus
1100 4455 1218 4521 exstitit,
1236 4463 1263 4509 et
1273 4451 1301 4507 tl

224 4523 346 4588 mildam,
362 4532 498 4594 antequem
513 4533 639 4579 tentatum
653 4534 723 4580 erret
738 4527 877 4598 praelium,
895 4527 928 4580 da
941 4526 1080 4608 improviso
1096 4526 1261 4579 vehementer
1273 4539 1301 4593 pt

226 4592 307 4656 sulit,
325 4594 409 4647 enimn
451 4612 485 4647 ue
499 4594 570 4648 illum
590 4595 683 4649 elatum
705 4602 733 4650 et
750 4597 901 4649 insolentem
920 4597 1010 4664 fregit
1044 4595 1119 4662 (Vl.)
1138 4596 1225 4663 Atque
1243 4601 1271 4646 ut
1287 4609 1302 4644 e

225 4676 317 4729 uuus,
331 4662 378 4736 qui
393 4680 418 4718 nu
452 4665 472 4719 ii
492 4663 679 4733 δολοτοαιοιο,
697 4673 725 4722 et
739 4666 839 4722 celeras
856 4663 1009 4721 ultsrnuutie
1029 4680 1131 4735 pugnos
1151 4661 1301 4718 conversios
