2640 5108
160 627 236 700 660
461 633 696 704 NICEPHORI
717 631 957 702 GREGORAE
1054 688 1057 695 .

1 812 68 864 ‚ll
81 811 148 867 6851
156 796 292 884 μάλιστα
313 799 479 880 διαβαίνειν
500 800 639 877 ἐπίδοξος
659 791 699 884 ἦν
722 796 738 865 ὅ
760 796 905 883 βασιλεὺς
932 796 1012 863 κατά
1034 799 1091 885 τὴν
1113 797 1266 867 ἐπάνοδον

28 884 122 937 ΜΗ
159 901 305 992 ὁμοῦ-τῷ
328 910 472 992 στρατῶ,
508 901 551 979 ῶς
572 902 611 969 ἀν
632 905 778 989 ἐξαίφνης
792 902 936 987 ἀγνοοῦσι
959 904 1030 988 περὶ
1044 905 1102 989 τὴν
1120 903 1267 988 διάβασιν

158 1002 385 1082 ἐπεισπεσόντες
407 1004 589 1091 περιβόητον
613 1004 749 1090 στη’σωσι
768 1002 917 1090 τρόπαιον
933 1004 966 1069 ἐν
987 1011 1107 1091 βραχεῖ.
1135 1005 1268 1083 τούτους

156 1135 189 1196 γε
210 1109 274 1194 μὴν
305 1109 335 1174 ol
362 1106 535 1195 πρόδρομοι
561 1116 625 1175 τῶν
649 1114 847 1194 στρατιωτῶν
873 1112 930 1172 τοῦ
960 1111 1113 1189 βασιλέως
1143 1108 1269 1198 πόρρω-

157 1219 216 1278 θεν
239 1209 427 1295 θεασάμενοι
454 1212 544 1277 αὐτοί
569 1237 602 1278 τε
617 1207 828 1297 ἀπεγνώκεσαν
851 1213 902 1275 καλ
923 1212 1047 1296 μακρὰν
1069 1212 1126 1297 τὴν
1151 1216 1289 1278 δειλίανό

61 1325 226 1392 ν.334ται”ς
241 1321 416 1398 βασιλικαῖς
432 1312 596 1397 δυνάμεσιν
609 1311 844 1398 ἐμβεβλήκεσαν.
899 1311 970 1402 (A.)
996 1318 1061 1380 Kal
1081 1313 1156 1399 τάχ’
1177 1315 1217 1381 ἀν
1235 1318 1278 1381 ἐν]

127 1420 260 1508 Ὲέκείνιρ
273 1425 329 1502 τῆς
343 1418 426 1504 ῶρας
438 1420 639 1505 ἐφθείροντο,
664 1417 780 1501 μεταξδ
796 1420 882 1483 δυοῖν
897 1425 1040 1504 στρατῶν
1054 1421 1212 1501 πολεμίων
1227 1415 1269 1495 ῶς

157 1523 190 1586 ἐν
209 1518 322 1610 δικτύῳ
340 1522 586 1612 συνειλημμένοι,
621 1522 671 1586 καὶ
692 1501 758 1603 άμα
780 1527 835 1585 τοῦ
856 1527 997 1600 ποταμοῦ
1019 1520 1078 1606 τὴν
1092 1546 1268 1607 στρατοπε-

158 1626 242 1690 δείαν
262 1627 312 1689 καὶ
335 1625 392 1708 τὴν
417 1624 615 1711 ὀφειλομένην
637 1619 810 1710 παράταξιν
823 1620 1012 1704 κωλύοντος,
1040 1628 1067 1689 sl
1083 1625 1128 1708 μὴ
1141 1624 1220 1701 θεδς
1235 1626 1269 1689 ἐκ

157 1734 214 1793 τοῦ
229 1727 338 1811 σχεδὸν
353 1726 587 1814 ἀπροσδόκητον
610 1727 773 1813 ἐχαρίσατο
787 1725 845 1809 τὴν
858 1727 1019 1812 ἐπίκουρον
1039 1738 1147 1813 χεῖρα·
1178 1727 1213 1803 ὃς
1227 1728 1301 1792 soit

156 1832 213 1913 μὲν
234 1828 476 1914 προσδοκώμενα
498 1825 645 1906 πολλάκις
670 1828 813 1916 ἀπρακτα
835 1832 960 1924 τίθησι,
994 1840 1060 1906 τοῖς
1082 1832 1117 1896 δὲ
1134 1833 1268 1914 μηδαμῆ

157 1936 401 2020 προσδοκηθεῖσι
428 1933 530 2011 δεξιὰν
550 1936 707 2020 χαρίζεται
727 1933 785 2016 τὴν
808 1936 903 2015 λῆξιν.
926 1929 1119 2009 Ἀπάκαυκος
1137 1933 1267 2019 με’νγάρ

157 2039 253 2127 δειλίη
278 2042 385 2125 μακρᾷ
407 2035 465 2119 τὴν
487 2034 586 2121 ὁρμὴν
608 2035 794 2119 ἀνεχαίτισεν
814 2033 946 2100 ἑαυτοῦ·
974 2035 1053 2122 ἀνὴρ
1077 2037 1115 2100 δέ
1135 2062 1182 2113 τις
1204 2043 1269 2102 τῶν

62 2140 331 2225 Ρ.412ε’γχωρίων,
360 2138 430 2223 ἀρτι
453 2139 509 2223 τὴν
533 2144 717 2226 Τριβαλλῶν
731 2137 860 2225 διαδράς
881 2138 1055 2225 προνομὴν,
1083 2129 1156 2223 ἧκεν
1171 2136 1268 2205 αὐτό-

156 2247 255 2327 μολος
278 2249 445 2325 τηνικαῦτα
460 2248 504 2331 τῷ
524 2248 664 2326 βασιλεῖ,
693 2243 798 2318 δείξειν
820 2239 1074 2326 ἐπαγγελλόμενος
1086 2239 1197 2328 ἑτέραν
1210 2249 1268 2328 τῆς
1277 2248 1306 2304 15

158 2345 349 2429 ἐγνωσμένης
362 2342 524 2427 διάβασιν,
561 2349 587 2411 εί
602 2345 842 2431 δαψιλεστέροος
857 2344 931 2420 τοδς
942 2344 1079 2426 μισθοδς
1096 2344 1265 2429 ἀπολάβοι.

158 2449 207 2512 ἐπὶ
228 2447 267 2531 δὴ
289 2445 508 2538 τοιούτοιςτῷ
528 2455 655 2532 βασιλεῖ
669 2455 725 2533 τῆς
748 2444 921 2532 διαβάσεως
943 2448 1123 2533 γενομένης,
1150 2451 1267 2514 ἐκπλα-

156 2552 257 2637 γέντες
270 2552 386 2617 ἐκεῖθεν
397 2551 425 2617 oi
442 2555 612 2639 Τριβαλλοὶ
626 2552 661 2618 sd
677 2558 732 2617 roei
747 2549 929 2638 πράγματος
951 2549 1129 2638 παράδοξον
1143 2551 1266 2640 ᾤχοντο

156 2654 214 2740 τὴν
232 2658 379 2739 ταχίστην
392 2655 450 2720 ἀνά
468 2656 525 2741 τὴν
538 2655 646 2743 χῶραν
663 2655 756 2731 ἀλλος
772 2655 886 2719 ἀλλοθι
901 2655 1185 2731 διασκεδασθέντες.

124 2777 148 2830 Β
234 2755 273 2841 η’.
297 2757 390 2825 Οὕτω
411 2760 445 2824 δὲ
468 2767 571 2824 κακῶν
590 2759 701 2840 ἀπαθῆ
720 2757 798 2842 πρὸς
812 2756 964 2844 Βέρροιαν
979 2759 1193 2823 διασεσῶσθαι
1210 2758 1308 2825 virro

153 2861 284 2944 βασιλέα
292 2860 483 2937 Ἀπόκαυκος
506 2861 646 2945 ἀκηκοὼς
665 2857 744 2941 dmoni
767 2866 810 2948 τῷ
824 2867 949 2948 στρατῷ
975 2860 1031 2926 oda
1047 2861 1191 2943 ἐνέβαλεν
1208 2859 1267 2950 (ῶς

154 2960 286 3050 ἴφημεν)
300 2962 401 3039 stade
413 2966 455 3039 είς
471 2963 527 3048 τὴν
549 2965 713 3044 πολεμίαν,
742 2961 817 3027 ἀλλ’
834 2958 933 3049 ἀφῆκε
949 2969 1005 3047 τῆς
1018 2959 1124 3048 ὁρμῆς.
1152 2965 1186 3029 ἐκ
1203 2966 1264 3050 γάρ

154 3073 211 3131 τοῦ
233 3072 368 3152 φανεροῦ
391 3073 532 3149 πολεμεῖν
552 3068 604 3132 καὶ
623 3061 781 3151 συστάδην
803 3072 962 3132 ποιείσθαι
983 3065 1042 3143 τάς
1061 3064 1166 3151 μάχας
1183 3068 1263 3155 πρὸς

225 3212 268 3266 17.
285 3207 330 3266 tut
344 3209 381 3282 δη
398 3229 465 3268 corr.
483 3213 558 3267 Boiv.
575 3229 626 3284 pro
641 3208 746 3284 ἐπειδή.

154 3330 179 3386 ei
194 3332 294 3398 iecere,
312 3350 364 3404 qua
376 3333 485 3389 maxime
499 3340 574 3404 parte
589 3351 645 3386 eum
658 3350 715 3386 cnm
732 3331 849 3385 exercitu
866 3330 1015 3386 redeuntem
1028 3331 1197 3388 traiecturum
1212 3351 1263 3405 pu·

153 3403 261 3466 tababt3
278 3411 308 3455 ut
326 3405 466 3474 derepente
485 3404 513 3456 in
533 3404 617 3474 ipsum
635 3421 684 3455 nec
705 3401 852 3471 opinantem
867 3401 935 3454 circa
949 3404 1085 3456 transitum
1104 3404 1205 3472 impetu
1221 3405 1264 3457 fa-

153 3481 212 3536 cto,
235 3481 368 3542 tropaeum
386 3474 485 3526 illustre
503 3475 576 3526 brevi
592 3472 788 3525 constituerent.
829 3470 885 3524 Hos
899 3488 962 3523 vcro
977 3471 1198 3541 imperatoriorum
1214 3475 1265 3526 mi·

154 3542 226 3595 littun
238 3559 419 3611 praecursores
434 3543 578 3610 conspicati
601 3541 689 3611 procul
708 3548 736 3593 et
754 3540 805 3609 ipsi
823 3539 933 3592 animum
948 3539 1152 3609 desponderant,
1170 3549 1201 3594 et
1215 3560 1265 3612 pa-

154 3611 225 3663 voris
237 3612 340 3665 multum
353 3612 478 3665 exercitui
493 3611 640 3663 iniecerant.
675 3610 750 3691 (IV.)
768 3612 805 3662 bc
819 3608 937 3661 fortassis
953 3609 998 3662 illa
1014 3611 1072 3680 ipsa
1093 3611 1155 3662 bora
1167 3611 1265 3678 profli-

155 3680 212 3746 gati
225 3681 349 3745 luissent,
365 3681 435 3733 inter
450 3680 557 3733 hostiles
575 3681 639 3732 duos
657 3686 786 3733 exercitus
808 3678 882 3746 quasi
901 3679 969 3731 intra
989 3680 1055 3732 retia
1075 3680 1263 3747 comprehensi,

155 3748 259 3802 flumine
276 3749 333 3819 ipso
347 3750 474 3813 obstante,
493 3766 542 3819 quo
556 3749 638 3801 minus
654 3757 700 3802 aut
713 3754 971 3811 castrametarentur,
990 3757 1036 3801 cut
1050 3749 1131 3801 aciem
1149 3748 1202 3801 rite
1220 3750 1263 3802 iu·

155 3825 300 3882 struerent,
317 3818 367 3871 nisi
380 3818 451 3870 Deus
469 3819 610 3888 derepente
629 3824 657 3870 et
673 3836 707 3870 ex
725 3816 865 3885 improviso
885 3833 985 3869 menum
1004 3818 1055 3871 illis
1074 3818 1265 3873 commodasset

155 3887 325 3940 adiutricem:
342 3889 414 3941 Deus
428 3889 546 3956 inquam,
564 3887 648 3956 quiet
662 3903 741 3956 saepe
757 3887 855 3939 inlecta
867 3885 954 3939 reddit
967 3904 1014 3949 ea,
1033 3903 1138 3956 quorum
1151 3887 1264 3940 maxima

69 3968 75 3980 '
155 3962 213 4009 erat
226 3956 397 4024 exspectatio,
414 3967 442 4009 et
456 3957 499 4019 iis,
514 3974 581 4025 quae
595 3955 696 4008 minime
710 3955 830 4024 praevisa
842 3955 953 4018 luerunt,
969 3957 1095 4009 secundos
1108 3956 1194 4009 exitus
1208 3957 1263 4009 lar·

154 4025 236 4095 gitur.
269 4027 338 4079 Nam
354 4026 505 4093 Apocaucus
524 4025 625 4094 quidem
645 4025 785 4077 timiditate
800 4039 896 4076 sumam
914 4041 986 4076 suum
1005 4025 1060 4093 ipse
1077 4024 1200 4094 impetum
1220 4043 1263 4079 re-

173 4092 259 4147 ressit.
295 4094 343 4147 Vir
357 4101 441 4148 autem
456 4094 559 4164 quidam
575 4112 608 4148 ex
628 4094 695 4147 illiue
713 4094 762 4146 loci
781 4092 873 4145 incolis
890 4093 1063 4146 Triballorum
1084 4094 1265 4163 praedationi-

153 4112 202 4219 ἀοι
218 4181 301 4234 nuper
313 4165 418 4234 elapsus
435 4164 502 4217 ultro
518 4172 572 4220 tum
584 4164 618 4218 sd
631 4164 811 4233 imperatorem
826 4162 981 4231 transfugit,
996 4163 1178 4233 promisitque,
1192 4163 1266 4217 iudi-

153 4240 269 4287 caturum
284 4251 314 4286 se
326 4234 352 4285 ei
366 4233 442 4286 aliam
462 4235 495 4286 ab
515 4251 547 4287 ea
580 4251 630 4287 uae
643 4241 705 4285 nota
722 4239 780 4285 erat
794 4247 840 4300 per
856 4232 949 4284 flumen
961 4231 1052 4296 viam,
1062 4232 1085 4284 si
1099 4231 1148 4284 sibi
1161 4249 1265 4286 merces

31 4346 39 4360 .
152 4303 259 4356 daretru
279 4301 356 4373 paulo
378 4303 507 4373 pinguior.
577 4303 599 4354 's
621 4301 811 4355 conditionibus
829 4301 979 4354 transmisso
1001 4301 1163 4370 imperatoris
1185 4318 1267 4356 exer-

151 4370 229 4436 citu,¹
241 4371 353 4441 perculsi
369 4373 407 4426 rei
424 4371 545 4426 miraculo
566 4371 678 4426 Triballi
696 4370 758 4424 inda
781 4369 877 4423 abeunt
897 4369 1049 4434 celerrime,
1072 4370 1117 4423 alii
1138 4370 1190 4424 alio
1216 4389 1266 4442 per

152 4457 208 4495 eam
226 4442 355 4510 regionem
373 4442 493 4512 dispersi.
1279 4455 1284 4467 ··

223 4512 249 4564 8.
269 4512 320 4564 Ubi
341 4516 491 4582 Apocaucus
513 4508 628 4563 illaesum
651 4508 830 4578 imperatorem
856 4508 1012 4562 Berrbceam
1037 4525 1119 4578 usque
1143 4509 1267 4564 evasisse

153 4595 210 4633 cum
233 4580 348 4635 exercitu
372 4581 493 4650 accepit,
517 4596 568 4632 non
587 4577 689 4641 statim,
712 4585 742 4630 ut
757 4578 881 4642 diximus,
899 4577 993 4647 irrupit
1009 4577 1037 4631 in
1055 4576 1198 4641 hosticum,
1217 4580 1266 4633 sed

151 4648 274 4720 impetum
291 4649 397 4706 remisit.
433 4655 530 4722 Aperto
547 4648 614 4702 enirn
633 4646 718 4703 Marta
735 4665 852 4719 pugnare
866 4653 895 4702 et
910 4647 1049 4704 comminus
1063 4663 1119 4702 oum
1138 4647 1266 4703 bellicoso
