2700 5092
226 627 302 706 634
530 636 765 706 NICEPHORI
785 635 1047 711 GBEGORAE'
1111 634 1114 639 ’

63 819 92 872 A.
107 818 302 887 anamma,
325 802 378 870 καλ
400 811 524 869 κινεῖται
547 801 620 868 κατ’
647 799 749 868 οὔτῶν
772 797 789 868 ὁ
810 804 912 886 δῆμος
933 801 1104 890 ῥογιλαίως,
1139 803 1191 868 καί
1219 801 1331 888 γίνεται

96 889 193 943 hm
228 896 324 997 (γόνος
344 906 456 991 συχνὸς
479 908 512 995 ἔξ
532 902 698 993 ὁμοφύλων
726 910 823 991 ξιφῶν
843 907 879 995 Ἰἓν
902 904 1102 994 είνανιλροάσῃν
1120 908 1171 971 καί
1193 913 1331 973 πολυαν-

227 1008 348 1099 θρώπίμ
362 1008 456 1077 πόλει.
483 1012 534 1074 καί
547 1007 622 1095 τάχ’
640 1007 678 1074 ἂν
692 1007 787 1085 αιἰτός
800 1034 832 1073 τι
849 1009 1009 1096 ἐφθείρετο
1033 1007 1049 1074 ὁ
1073 1009 1257 1092 §contente
1283 1013 1331 1076 aul

228 1113 287 1182 σάν
300 1113 432 1203 γεαῦτῷ
453 1109 564 1189 πάντες
587 1113 616 1178 oi
635 1111 733 1178 ταύτὰ
753 1118 938 1200 φρονοῦντες
956 1113 1063 1201 αὐτῷ,
1091 1115 1118 1176 ιλ
1129 1112 1173 1195 μὴ
1196 1120 1261 1178 τῶν
1278 1122 1331 1198 τῆς

228 1215 346 1294 πόλεως
361 1218 436 1300 μίαν
450 1213 632 1292 καθελόντες
648 1221 754 1281 πυλῶν
778 1218 821 1290 εἷς
840 1214 877 1281 τό
903 1216 963 1302 πρὸ
983 1222 1040 1300 τῆς
1056 1212 1174 1290 πόλεως
1195 1241 1331 1282 καταπε-

231 1318 382 1409 φεύγεσαν
397 1317 564 1406 φρούριον,
593 1314 895 1403 ὃΓυναικάκαστρον
915 1319 972 1401 μὲν
997 1319 1076 1406 πρὸς
1097 1325 1160 1384 τῶν
1178 1319 1331 1406 ἐγχωρίων

131 1431 378 1504 hweolcum,
397 1423 499 1506 ἀπέχει
517 1424 550 1487 δὲ
567 1411 794 1504 Θεσσαλονίκης
809 1423 956 1498 σταδίους
968 1423 1153 1497 διακοσίους.
1182 1420 1253 1512 (ς’.)
1270 1426 1331 1488 Καί

228 1521 268 1613 ἦν
287 1527 324 1594 τό
347 1534 402 1610 τῆς
419 1525 503 1608 ὥρας
523 1532 691 1609 τηνικοῢτα
712 1527 779 1611 περὶ
801 1524 858 1601 τὰς
871 1532 927 1591 τοῦ
949 1525 1065 1612 θίρους
1082 1520 1191 1610 ἀρχάς.
1219 1517 1277 1609 ἧκε
1299 1525 1331 1591 ‹l'

230 1630 327 1707 εὐθὺς
344 1631 377 1695 ἔκ
393 1629 518 1718 Σερῥῶν
536 1631 586 1694 καί
604 1625 789 1713 όἈρμένιος
803 1629 875 1713 Γὴμ
893 1630 925 1704 ἐς
942 1630 1188 1712 Θεσσαλονίκην,
1216 1629 1331 1714 πολλὴι

229 1730 414 1820 ἐπαγόμενος
434 1731 563 1815 δύναμιν
584 1731 821 1818 στρατιωτικὴν,
855 1734 906 1814 καὶ
931 1728 1134 1818 άνεῤῥιάννοεν
1157 1728 1232 1797 ὅσον
1256 1733 1331 1808 riuis

228 1837 266 1903 τό
281 1843 337 1921 τῆς
350 1835 467 1912 πόλεως
481 1831 638 1922 φρόνημα,
660 1834 911 1920 κατενηνεγμένον
923 1830 984 1900 sini
997 1842 1060 1900 τῶν
1074 1834 1153 1921 αὐτῇ
1168 1833 1331 1921 περιστάν

228 1966 292 2007 των
306 1936 464 2005 κινάόνων.
491 1934 611 2004 τούτων
626 1937 661 2002 ‹l'
679 1936 778 2013 οὕτως
791 1934 932 2022 ἐχόντων,
960 1938 1143 2003 κατέπλευσε
1158 1941 1209 2002 καὶ
1227 1934 1243 2003 ὃ
1258 1965 1331 2004 ναυ-

227 2043 313 2119 τικὸς
325 2042 545 2121 ίκΒυζαντίοο
559 2039 669 2117 στόλος
687 2042 772 2128 παρὰ
793 2041 829 2106 τὸ
845 2048 907 2107 τῶν
923 2042 1171 2108 Θεσσαλονικέων
1192 2042 1331 2122 ἐπίνειον,

204 2143 389 2230 Βναόαρχον
404 2143 626 2227 ἴχωνἈλίξιον
644 2145 700 2209 τὸν
717 2141 908 2211 Ἀπόκαυκον
934 2147 985 2209 καί
1001 2142 1127 2229 πλίονῆ
1144 2143 1331 2228 πεντήκοντα

228 2254 364 2334 τριηρῶν
377 2245 457 2313 ὅπλα
471 2250 522 2312 καὶ
537 2244 683 2329 δύναμιν,
713 2245 815 2334 ὥσπερ
828 2249 860 2324 ἐξ
874 2244 1052 2330 αὐτομάτου
1066 2245 1331 2330 συμπεπτωκότων

229 2347 343 2417 οὗτωσὶ
354 2357 416 2417 τῶν
429 2336 619 2436 πραγμάτων
633 2350 685 2416 ἔντ’
701 2350 880 2442 εὐδαιμονία
896 2354 1133 2435 Θεσσαλονίκης.
1160 2349 1331 2439 (Ζ.)’Άρας

228 2453 263 2519 θ’
283 2455 316 2518 ἔκ
339 2460 395 2538 τῆς
420 2455 656 2537 στρατοπεδείας
678 2455 791 2538 λκιίνης
806 2453 868 2538 ἤδη
891 2450 975 2520 καλό
997 2454 1143 2537 βασιλεῦς
1168 2445 1224 2537 ἧκε
1249 2457 1331 2541 παρά

226 2557 263 2621 τὸ
278 2561 309 2623 Γ
305 2553 548 2642 υναικάκαστρον
554 2606 565 2638 ,
585 2561 636 2640 καί
651 2555 767 2642 ἥνωται
782 2565 825 2646 τῷ
840 2583 873 2623 τε
899 2559 1069 2647 §chainoni
1088 2559 1139 2622 καί
1160 2568 1227 2634 τοῖς
1248 2558 1331 2647 ἇμρι1

201 2659 326 2726 calatin
348 2658 462 2748 φυγάσι
484 2668 547 2727 τῶν
565 2662 814 2728 Θεσσαλονικέων
836 2667 1044 2747 στρατιωτῶν.
1076 2662 1331 2745 κοινολογησαμί·

227 2790 290 2830 νων
306 2764 344 2839 ,δὲ
364 2763 443 2849 πρὸς
464 2761 617 2847 ἀλλήλους
642 2762 743 2830 ὁπόσα
764 2764 861 2844 εἰκὸς,
889 2762 992 2847 ἐπειδὴ
1014 2760 1204 2849 ἐμεμαθήκει
1226 2764 1264 2830 τὸ
1287 2790 1331 2831 τε·

227 2873 370 2932 λευταΐον
386 2863 403 2930 ὃ
417 2866 597 2950 §voconcio
604 2915 614 2945 ,
642 2864 734 2950 σκεάη
745 2867 802 2948 μέν
816 2891 885 2932 τινα
896 2873 1048 2953 χρυσᾶτε
1063 2869 1114 2932 καὶ
1128 2865 1261 2954 ἀργυρᾶ,
1289 2871 1331 2932 λί-

227 2975 302 3044 θοις
317 2971 367 3033 roi
381 2966 553 3055 μαργάροις
570 2966 649 3053 ὁμοῦ
671 2970 910 3054 περιηνθισμίνιι
918 3019 929 3051 ,
958 2967 1174 3056 ἔπιφερόμενον
1195 2971 1251 3037 τὸν
1272 2978 1331 3054 βα-

226 3071 325 3151 σιλέα,
350 3068 520 3157 χρημάτων
530 3072 562 3136 δ’
580 3072 680 3152 oculs,
707 3069 808 3138 ὁπόσα
822 3070 1024 3160 στρατιώταις
1039 3076 1113 3139 εἰσίν
1127 3070 1239 3160 ἐφόδια
1255 3072 1331 3162 πρό·

197 3192 198 3195 ’
225 3198 316 3261 χειριι
339 3174 419 3261 πρὸς
446 3173 595 3260 διανομὴν
614 3178 675 3242 καί
693 3180 790 3261 λῆψιν
811 3182 873 3243 τῶν
893 3178 1070 3262 ἐπιτηδείων
1081 3225 1093 3260 ,
1130 3172 1279 3264 πρόμναν
1304 3203 1331 3244 τι

225 3407 400 3466 lunicenslnm.
435 3409 464 3461 In
477 3426 540 3478 quos
555 3410 650 3494 populo
662 3408 885 3464 vehementissime
901 3409 1045 3472 concitato,
1062 3426 1155 3480 magna
1168 3409 1199 3462 lit
1212 3409 1331 3466 civilibus

216 3478 320 3548 ,gladiis
334 3481 429 3532 caedes
450 3480 477 3531 ia
498 3479 601 3532 florenti
622 3487 650 3533 et
668 3478 875 3548 frequentissima
892 3478 1007 3530 civitate.
1042 3483 1129 3548 ¹ltqne
1148 3479 1205 3549 ipse
1221 3482 1331 3533 fortasse

216 3547 379 3616 ‘synadenus
398 3548 577 3610 occubuisset,
602 3556 703 3601 etcum
723 3567 754 3601 eo
769 3566 856 3602 onmes
876 3548 920 3616 qui
940 3547 1031 3601 iisdem
1051 3549 1167 3617 portibus
1183 3549 1331 3614 studebant

224 3616 275 3668 nisi
295 3633 346 3669 nna
367 3631 399 3669 ex
417 3618 500 3687 portis
520 3619 631 3671 effracta
642 3618 670 3670 in
683 3635 768 3670 arcem
783 3617 972 3686 confugissent,
994 3635 1075 3686 quoe,
1095 3625 1157 3670 ante
1171 3620 1260 3671 urbem
1274 3620 1331 3672 sita

224 3686 462 3754 Gynaecocastrum
482 3687 516 3738 ab
535 3687 625 3740 incolis
650 3695 812 3770 nuncupatur
835 3695 863 3739 et
881 3687 956 3739 abest
974 3703 990 3738 a
1009 3687 1194 3739 'Thessalonica
1214 3687 1331 3741 ducentis

225 3753 326 3809 stadiis.
360 3754 436 3822 (VI.)
454 3755 521 3807 Erat
536 3773 612 3823 porro
629 3763 691 3809 tnnc
706 3756 807 3809 initium
825 3757 881 3809 fere
896 3756 1014 3808 assutis.
1048 3757 1143 3808 Statim
1156 3773 1219 3807 vero
1235 3759 1331 3826 etipse

224 3823 331 3876 Serrhis
345 3823 554 3878 Thessalonicam
572 3824 645 3879 venit
664 3824 754 3878 Guido
768 3826 950 3888 Armeniacus,
973 3842 1080 3894 magnas
1096 3841 1181 3877 secum
1200 3824 1331 3879 adducens

225 3892 332 3960 copias,
349 3894 547 3962 roboravitque,
565 3902 594 3947 ut
609 3911 657 3964 par
677 3902 748 3957 erat,
766 3894 858 3948 civium
873 3895 985 3959 animos,
1003 3912 1067 3964 qnos
1087 3893 1202 3963 pericula
1219 3895 1331 3978 undique

223 3959 398 4030 impendentia
414 3963 558 4030 fregerant.
592 3964 665 4016 Haeo
684 3981 739 4015 curu
759 3963 797 4016 ita
816 3983 845 4018 se
863 3964 1005 4028 haberent,
1022 3964 1126 4032 appulit
1145 3973 1172 4015 et
1184 3963 1331 4030 Byzantina

224 4030 317 4082 classis
334 4032 369 4083 ad
388 4039 489 4100 portum
506 4032 782 4095 Thessalonicensem,
810 4033 875 4086 duce
898 4032 989 4085 Alexio
1006 4034 1160 4102 Apocauoo,
1189 4032 1331 4086 triremium

244 4098 283 4151 lua
297 4117 373 4169 quam
385 4099 586 4169 quinquaginta,
610 4102 689 4154 umis
702 4101 834 4171 copiisque
847 4104 992 4164 instructa,
1009 4103 1087 4154 rebus
1099 4100 1172 4184 qnasi
1191 4107 1288 4169 sponte
1303 4121 1331 4156 eo

224 4116 346 4221 seductis
367 4168 399 4220 ad
422 4170 625 4224 Thessalonicae
641 4170 801 4224 felicitatem.
835 4171 924 4237 (Vll.)
941 4168 1047 4223 Demum
1062 4180 1089 4223 et
1105 4188 1163 4240 rpse
1180 4170 1331 4240 imperator,

224 4238 317 4290 metris
330 4236 392 4290 inde
405 4238 497 4302 motis,
515 4231 800 4308 adilynaecocastrum
813 4239 938 4302 accessit,
955 4247 983 4291 et
995 4239 1172 4309 synadorum,
1190 4256 1288 4309 eosque
1302 4258 1331 4294 er

222 4306 498 4360 Thessalonicensibus
517 4308 657 4374 militibus,
673 4310 717 4379 qni
731 4310 799 4362 circa
815 4309 883 4360 illum
899 4308 1005 4377 fugitivi
1021 4320 1108 4371 erant,
1128 4309 1256 4362 convenit
1294 4310 1331 4363 lbi

222 4391 280 4427 com
293 4375 362 4428 inter
373 4393 402 4429 se
415 4383 537 4459 quantum
548 4395 597 4447 par
609 4388 667 4432 erat
677 4376 818 4448 colloqunti
835 4382 937 4440 essent,
951 4376 1079 4431 intellexit
1090 4375 1193 4430 tandem
1212 4379 1331 4447 Synsde

221 4458 285 4508 nas,
301 4460 366 4498 vasa
384 4445 486 4515 quidem
505 4463 583 4500 aurea
600 4458 777 4517 argenteaque
797 4447 930 4508 nonnulla,
954 4447 1048 4515 lapillis
1068 4447 1162 4498 circum
1180 4463 1213 4498 ac
1227 4449 1331 4516 gemmis

221 4511 359 4577 distincta,
377 4516 478 4583 portari
491 4516 524 4568 ab
538 4516 709 4585 imperatore3
727 4517 791 4569 nihil
806 4525 891 4569 autem
907 4532 994 4568 aarum
1008 4516 1181 4583 pecuniarum,
1202 4533 1270 4584 quae
1286 4519 1331 4570 mi·

219 4579 311 4634 litibus
332 4590 425 4653 parata
447 4592 508 4638 sunt
525 4586 674 4654 congiaria,
699 4587 732 4638 ad
752 4584 956 4640 distributionem
980 4586 1225 4655 perceptionemque
1246 4603 1331 4639 rerum

219 4654 431 4708 censuariorum.
467 4654 639 4718 Quamobrem
658 4654 770 4710 inhibuit
787 4655 874 4718 illico,
899 4660 929 4708 et
947 4653 1099 4709 sententiam
1122 4654 1249 4720 mutavit,
1275 4673 1331 4711 oum
