2722 4778
185 341 284 413 1180
434 368 442 387 ·
596 338 955 412 ANNOTATIONES.

185 518 215 570 ct
229 508 259 570 ‘oa
272 526 317 566 sic
332 503 565 586 pronuntiantur
580 511 614 562 ut
628 504 699 563 iota.
742 502 903 562 Praeterea
922 499 956 558 in
973 517 1039 558 uno
1053 518 1150 560 versu
1167 494 1320 580 συνιζήσεις

185 592 322 652 adhibuit
337 591 429 665 duas,
451 584 567 662 πόλεως
585 584 746 669 Τράλλεως.
792 586 876 660 Quae
900 585 999 644 omnia
1022 593 1160 663 arguunt
1180 586 1322 645 oraculum

184 679 270 737 istud
293 697 355 736 non
375 676 467 735 fuisse
490 672 682 753 Delphicum,
705 682 757 731 aut
777 670 975 750 sibyllinum,
1000 670 1052 729 sed
1078 672 1203 729 omnino
1223 688 1320 729 recens

185 764 220 822 ln
238 761 342 821 codice
358 760 581 835 barberiniano,
603 778 664 837 quo
680 779 752 817 usus
768 767 813 816 est
831 757 982 830 Possinus‚
1005 755 1088 814 idern
1105 755 1263 814 oraculum
1277 773 1321 813 ex·

186 857 247 907 stat
264 847 356 927 paulo
379 845 498 905 auctius
511 842 561 923 ⁴⁵),
583 843 669 922 eique
685 841 815 922 praelixa
829 840 905 900 baec
925 839 1102 919 inscriptio,
1125 833 1219 912 odrae
1237 838 1320 916 izers

187 927 262 1012 σμδς
275 932 453 993 Παυσανίου
467 928 631 1010 προέδρου,
654 927 726 990 Ηοο
744 942 785 987 est
808 922 969 987 Oraculum
987 923 1160 984 Pausaniae
1177 921 1319 983 Praecidit

185 1017 248 1094 Ego
263 1037 335 1075 vero
348 1016 437 1075 facile
454 1014 630 1079 crediderim
647 1014 823 1073 fabricatum
842 1009 918 1070 illud
933 1009 1025 1068 fuisse
1041 1009 1204 1088 abaliquo
1220 1008 1320 1067 Andro-

186 1101 247 1161 nici
261 1101 373 1175 amico,
397 1100 500 1159 sireis
517 1098 694 1157 Theodorus
709 1095 869 1158 Metochita
885 1094 986 1169 suerit,
1009 1094 1076 1154 sive
1091 1095 1183 1157 alius.
1208 1094 1319 1153 Maxim

187 1195 267 1246 certe
290 1186 349 1245 illis
374 1184 560 1263 temporibus
587 1194 652 1243 erat
673 1185 851 1244 Graecarum
881 1180 1035 1238 Musarum
1070 1171 1216 1260 siponeis.
1258 1177 1318 1237 Vide

187 1271 318 1330 carmina
339 1268 492 1329 Theodori
511 1267 706 1341 Metochitae,
729 1278 846 1327 etcum
866 1264 931 1324 istis
953 1264 1070 1326 confer.
1115 1264 1223 1332 Solus,
1245 1281 1319 1343 quen

186 1356 289 1428 sciam,
313 1376 346 1414 ea
362 1364 457 1413 aetate
471 1353 619 1412 Maximus
637 1352 785 1412 Planudes
797 1349 967 1411 tolerabiles
988 1348 1108 1428 aliquos
1126 1369 1235 1409 versus
1250 1348 1319 1412 fecit.

126 1448 130 1456 '
186 1440 246 1499 Sed
260 1440 297 1499 ds
312 1439 512 1500 recentiorum
527 1439 707 1498 Graecorum
725 1437 809 1517 puisi
833 1437 920 1496 etiam
939 1435 1016 1493 inira
1038 1435 1125 1515 adp.
1151 1439 1222 1500 190.
1237 1433 1267 1495 C.
1279 1431 1319 1490 di-

98 1589 101 1595 ,
187 1526 265 1585 cturi
282 1544 399 1599 sumus,
423 1522 474 1582 ubi
494 1523 531 1582 de
548 1522 701 1582 Theodori
716 1521 893 1582 bletocbitae
909 1520 1066 1600 poematis.
1111 1539 1230 1578 norvia.

273 1629 344 1705 Peg.
370 1630 448 1699 143,
470 1630 520 1690 22.
570 1621 613 1686 To*
635 1622 668 1686 δὲ
689 1621 762 1705 perd
784 1626 949 1704 μοναχικοῦ
970 1613 1124 1700 σχήματος
1146 1620 1232 1701 ἕτερα
1250 1614 1317 1699 ἧος]

187 1709 372 1769 Asteriscum
386 1719 458 1789 post
477 1709 560 1790 ἕτερα
576 1718 755 1789 apposuerat
767 1708 924 1787 interpres,
944 1726 1001 1764 neo
1017 1707 1102 1784 quod
1117 1708 1219 1764 statim
1238 1703 1317 1783 sequi·

186 1804 239 1853 tur
261 1795 367 1854 vertit:
392 1804 421 1854 et
442 1803 524 1854 certe
546 1805 615 1873 post
634 1795 718 1875 ἕτερα
743 1795 901 1871 legendum
919 1785 993 1866 daia,
1015 1799 1063 1871 tot
1084 1792 1167 1849 sarim
1188 1789 1316 1849 annosiu

185 1878 292 1936 habitu
319 1878 496 1938 monachico
525 1880 624 1957 exegit
648 1879 855 1952 Andronicus,
885 1890 918 1937 ut
940 1875 1046 1935 scribit
1070 1875 1154 1934 idern
1185 1876 1316 1949 Gregoru

184 1963 240 2024 lib.
260 1963 314 2023 lX.
333 1984 398 2043 cap.
421 1965 477 2025 ult.
506 1983 559 2023 seu
585 1973 620 2023 ut
641 1974 686 2025 est
708 1965 739 2023 in
765 1972 835 2023 nota
857 1961 1011 2040 marginali
1034 1961 1075 2019 ad
1100 1981 1171 2039 cap.
1195 1957 1315 2019 xxvtlt
1359 1984 1360 1994 ν

185 2048 236 2110 tib.
253 2049 291 2108 Π.
309 2049 526 2125 Cantacuzeni,
548 2049 583 2111 ἐν
601 2054 743 2129 μοναχοῖν
766 2043 892 2129 σχήματι
914 2043 1067 2128 διαγαγοὶν
1092 2043 1253 2117 ἐνιαυτούς
1272 2039 1316 2104 ti·

185 2127 261 2214 παρ’
278 2126 391 2216 ὀλίγον.
434 2136 519 2192 'sunc
539 2134 637 2193 addit:
655 2132 720 2214 ἥως
738 2133 803 2300 apic
816 2130 888 2196 faed
904 2129 1009 2193 κύκλοι
1026 2130 1220 2207 σεληνιακοὶ,
1242 2125 1259 2191 d
1276 2125 1315 2189 ed

40 2204 41 2207 Ἴ
82 2253 84 2257 ·
185 2217 318 2299 βέλτιον,
340 2215 538 2300 dv'ol‘yysoro,
561 2221 593 2278 id
611 2228 664 2293 est,
683 2215 731 2278 vel
766 2239 804 2278 ex
821 2239 880 2298 quo
900 2214 1081 2275 monachum
1097 2215 1217 2288 induit,
1238 2214 1315 2272 iuter
1358 2283 1360 2312 ἱ

186 2299 270 2385 sunt)
288 2318 331 2361 ter
347 2317 451 2383 septem
470 2302 576 2364 circuli
591 2302 708 2364 lunares
736 2299 804 2386 (seu
824 2306 938 2363 menses
958 2301 1042 2362 XXI.
1064 2323 1116 2360 seu
1135 2301 1240 2381 potius
1258 2295 1315 2356 onai
1358 2326 1360 2351 ν

182 2388 346 2470 pampeli).
388 2409 517 2448 bucano.

272 2493 344 2569 Pog·
369 2494 444 2564 144,
466 2495 495 2554 2.
541 2493 670 2567 Προῖτον
683 2488 733 2551 καὶ
748 2484 878 2552 εἰκοστόν
889 2484 1015 2567 ἤμειβεν
1029 2483 1117 2565 ἔτος]
1139 2480 1313 2545 Vertith·

183 2572 258 2648 fius,
281 2594 389 2631 onnam
407 2575 512 2633 anatis
534 2589 630 2654 ageret
648 2576 775 2655 primum
797 2589 824 2632 et
842 2575 1020 2654 vigesimam.
1053 2570 1242 2629 Vertendum
1259 2568 1311 2637 tuit,

183 2679 294 2714 annam
307 2671 363 2715 oet.
382 2656 543 2732 excederet,
558 2668 614 2719 etc.
630 2660 804 2738 praesertim
824 2659 850 2718 si
864 2659 980 2736 legatur
1000 2652 1217 2738 capripedes,
1238 2651 1312 2713 Μ·
1354 2717 1355 2720 ,

132 2756 134 2761 “
181 2740 263 2818 gitur
276 2742 306 2798 in
322 2741 432 2800 Codice
443 2743 545 2820 Regio.
587 2764 703 2804 uorvm.

268 2821 346 2888 Idid.
357 2826 388 2884 in
405 2836 485 2885 notu.
500 2824 583 2901 ’Ἠως
596 2827 660 2910 τρὶς
676 2824 749 2891 e‘ard
764 2823 870 2891 κύκλοι
885 2823 1077 2905 octasemi]
1101 2825 1212 2885 Graeci
1225 2839 1309 2884 recen·
1347 2832 1350 2839 ”

181 2908 274 2968 tiores
297 2910 402 2970 dicunt
423 2907 487 2991 ἤως
506 2932 565 2992 pro
588 2908 627 2994 ἢ,
655 2915 704 2973 vel
725 2910 801 2994 ἤτοι.
837 2914 913 2975 Vide
937 2911 1071 2971 Glossar.
1094 2911 1177 2972 med.
1201 2906 1307 2971 Graedt

180 3014 297 3055 uorvrn.

269 3085 341 3164 Pag.
365 3086 443 3155 144,
465 3085 497 3147 4·
534 3076 678 3157 ’Ἄτταλός
690 3108 736 3156 τις
754 3076 894 3163 εὔγενής]
916 3080 1051 3150 Tralles,
1074 3079 1185 3139 urbem
1201 3075 1306 3139 addire·

181 3163 324 3240 andrum,
348 3168 537 3244 Pelasgorum
554 3169 701 3229 coloniam
721 3168 814 3227 fuisse
836 3167 942 3226 scribit
961 3163 1104 3243 Agatbias
1126 3165 1182 3229 lib.
1199 3166 1232 3224 V.
1246 3163 1305 3222 deo

179 3249 259 3310 sorte
275 3252 374 3312 Attalo
392 3253 450 3312 isto
465 3251 603 3317 Troiano.
644 3253 776 3313 nucero.
1332 3319 1333 3322 ρ

267 3339 339 3416 Pag-
363 3338 440 3410 145,
462 3342 514 3401 21.
527 3333 635 3402 Ὦόινε
646 3335 702 3419 μὲν
714 3335 770 3422 γοῖρ
786 3333 806 3400 d
821 3331 995 3417 Κάρουλος]
1018 3330 1200 3413 Pachynrer.
1213 3323 1303 3393 11be
1333 3366 1334 3371 κ

180 3437 245 3498 cap.
260 3421 388 3484 xxxtl.
417 3440 547 3482 occano.

264 3501 294 3563 P
292 3526 339 3584 ag·
363 3507 439 3579 146,
460 3512 490 3573 6.
531 3500 754 3585 Ῥωσονσύλην]
778 3504 840 3579 Qui
852 3502 995 3584 Paobyrn.
1008 3502 1062 3563 lib.
1072 3503 1125 3566 VI.
1136 3490 1302 3580 captim

176 3583 246 3658 Ῥῶς
268 3593 409 3667 Σολνμᾶς
425 3592 613 3670 appellatur,
644 3610 732 3670 quem
754 3589 806 3651 hic
827 3590 939 3671 pariter
959 3588 1108 3669 depingit.
1155 3586 1228 3650 Vide
1242 3580 1302 3642 Hit

179 3668 451 3751 Francd-Byzant.
472 3675 524 3736 lib.
541 3676 591 3735 vl.
607 3696 637 3734 n.
657 3676 709 3736 xl.
732 3697 863 3736 uocare.
907 3675 1078 3749 Ducangius
1094 3672 1176 3734 niet
1191 3671 1302 3730 Pm-
1329 3711 1330 3714 =

177 3752 556 3841 Byzant.1ib,vt.n.xt.
577 3781 645 3819 eum
664 3762 753 3820 vocat
773 3758 915 3843 Solymos
939 3756 975 3817 de
996 3755 1101 3818 Rosci.
1138 3758 1202 3835 Ego
1223 3758 1303 3816 ui·

177 3857 239 3897 non
253 3839 373 3918 dubito,
397 3843 470 3921 quin
487 3843 512 3902 is
528 3845 621 3904 fuerit
639 3842 743 3928 Rufos
760 3841 797 3903 de
813 3841 953 3918 Solioco,
975 3843 1029 3901 ille
1042 3844 1110 3922 ipso
1126 3829 1302 3919 scilicss'fl'
1327 3878 1328 3881 =

176 3935 360 3985 memoratur
373 3926 405 3985 in
424 3927 621 3989 instrumento
638 3949 690 3989 seu
707 3930 874 4008 Diplomato
891 3927 993 4016 idagia,
1016 3927 1104 4006 quod
1119 3947 1159 3988 ex
1171 3923 1300 4003 Thu!
1322 3960 1325 3984 1

177 4005 355 4070 Chartarum
370 4021 546 4089 excerptum
571 4034 638 4074 cum
661 4015 726 4073 aliis
746 4015 821 4073 actis
836 4023 867 4074 et
885 4012 1094 4073 immimentis
1106 4009 1237 4093 publicis
1248 4003 1300 4064 Β*
1320 4048 1321 4051 =

177 4095 298 4171 cangius
312 4094 416 4159 edidit.
447 4098 522 4158 Vide
537 4098 663 4159 Chartas
682 4099 833 4159 Historiae
849 4096 1181 4176 Franco-Byzantinus
1193 4088 1298 4157 ab*
1346 4154 1347 4157 ,

176 4184 250 4254 ctas,
269 4200 336 4259 pag.
353 4186 404 4248 84.
430 4182 556 4259 Nomen,
576 4194 612 4244 ut
626 4184 762 4259 videtur,
788 4183 937 4243 Gallicum
951 4181 1013 4243 soit
1025 4178 1183 4250 Reuersus
1194 4156 1295 4260 &Q

207 4325 237 4394 υ
253 4325 320 4383 vua
338 4330 531 4387 asomum
547 4333 651 4389 emm
667 4331 863 4406 sanaem.
880 4336 940 4386 aa.
957 4328 979 4384 1.
997 4346 1065 4404 μς.
1082 4327 1145 4392 ου
1171 4322 1264 4384 'm
1319 4310 1320 4313 ‘
