<?xml version="1.0" encoding="UTF-8"?>
<!DOCTYPE html PUBLIC "-//W3C//DTD XHTML 1.0 Transitional//EN"
    "http://www.w3.org/TR/xhtml1/DTD/xhtml1-transitional.dtd">
<html xmlns="http://www.w3.org/1999/xhtml" xml:lang="en" lang="en">
 <head>
  <title>
</title>
<meta http-equiv="Content-Type" content="text/html;charset=utf-8" />
  <meta name='ocr-system' content='tesseract 3.04.00' />
  <meta name='ocr-capabilities' content='ocr_page ocr_carea ocr_par ocr_line ocrx_word'/>
</head>
<body>
  <div class='ocr_page' id='page_1' title='image "./nicephorigregor02schogoog_0615.png"; bbox 0 0 2722 4778; ppageno 0'>
   <div class='ocr_carea' id='block_1_1' title="bbox 187 308 912 385">
    <p class='ocr_par' dir='ltr' id='par_1_1' title="bbox 187 308 912 385">
     <span class='ocr_line' id='line_1_1' title="bbox 187 308 912 385; baseline -0.007 -1"><span class='ocrx_word' id='word_1_1' title='bbox 187 311 286 385; x_wconf 87' lang='grc'>1186</span> <span class='ocrx_word' id='word_1_2' title='bbox 554 308 912 381; x_wconf 86' lang='lat' dir='ltr'><strong>ANNOTATIONES.</strong></span> 
     </span>
    </p>
   </div>
   <div class='ocr_carea' id='block_1_2' title="bbox 142 464 1340 3022">
    <p class='ocr_par' dir='ltr' id='par_1_2' title="bbox 142 464 1344 3022">
     <span class='ocr_line' id='line_1_2' title="bbox 183 464 1315 551; baseline -0.011 -12"><span class='ocrx_word' id='word_1_3' title='bbox 183 499 274 539; x_wconf 85' lang='lat' dir='ltr'><strong>manu</strong></span> <span class='ocrx_word' id='word_1_4' title='bbox 288 495 353 534; x_wconf 80' lang='lat' dir='ltr'><strong>mea</strong></span> <span class='ocrx_word' id='word_1_5' title='bbox 370 472 482 537; x_wconf 76' lang='lat' dir='ltr'><strong>Leonte</strong></span> <span class='ocrx_word' id='word_1_6' title='bbox 499 467 654 548; x_wconf 78' lang='lat' dir='ltr'><strong>Cinnami,</strong></span> <span class='ocrx_word' id='word_1_7' title='bbox 676 465 830 530; x_wconf 80' lang='lat' dir='ltr'><strong>absolutus</strong></span> <span class='ocrx_word' id='word_1_8' title='bbox 850 466 930 551; x_wconf 85' lang='lat' dir='ltr'><strong>(cum</strong></span> <span class='ocrx_word' id='word_1_9' title='bbox 952 464 1033 550; x_wconf 85' lang='lat' dir='ltr'><strong>Deo)</strong></span> <span class='ocrx_word' id='word_1_10' title='bbox 1058 464 1110 529; x_wconf 84' lang='lat' dir='ltr'><strong>die</strong></span> <span class='ocrx_word' id='word_1_11' title='bbox 1131 464 1226 531; x_wconf 76' lang='lat' dir='ltr'>XIV.</span> <span class='ocrx_word' id='word_1_12' title='bbox 1249 492 1315 528; x_wconf 79' lang='lat' dir='ltr'><strong>uses·</strong></span> 
     </span>
     <span class='ocr_line' id='line_1_3' title="bbox 184 550 1317 634; baseline -0.009 -11"><span class='ocrx_word' id='word_1_13' title='bbox 184 564 226 622; x_wconf 83' lang='lat' dir='ltr'><strong>eis</strong></span> <span class='ocrx_word' id='word_1_14' title='bbox 247 557 373 634; x_wconf 86' lang='lat' dir='ltr'><strong>Martii,</strong></span> <span class='ocrx_word' id='word_1_15' title='bbox 399 554 566 618; x_wconf 84' lang='lat' dir='ltr'><strong>Indictione</strong></span> <span class='ocrx_word' id='word_1_16' title='bbox 582 554 641 620; x_wconf 87' lang='lat' dir='ltr'><strong>IV.</strong></span> <span class='ocrx_word' id='word_1_17' title='bbox 662 552 710 614; x_wconf 83' lang='lat' dir='ltr'><strong>die</strong></span> <span class='ocrx_word' id='word_1_18' title='bbox 725 553 759 614; x_wconf 89' lang='lat' dir='ltr'>V</span> <span class='ocrx_word' id='word_1_19' title='bbox 757 551 800 613; x_wconf 87' lang='lat' dir='ltr'><strong>II.</strong></span> <span class='ocrx_word' id='word_1_20' title='bbox 821 554 916 614; x_wconf 88' lang='lat' dir='ltr'><strong>Anno</strong></span> <span class='ocrx_word' id='word_1_21' title='bbox 934 552 992 613; x_wconf 84' lang='lat' dir='ltr'><strong>Vl.</strong></span> <span class='ocrx_word' id='word_1_22' title='bbox 1009 550 1317 615; x_wconf 78' lang='lat' dir='ltr'><strong>MDCCLXXXW.</strong></span> 
     </span>
     <span class='ocr_line' id='line_1_4' title="bbox 183 635 1319 727; baseline -0.007 -21"><span class='ocrx_word' id='word_1_23' title='bbox 183 641 395 727; x_wconf 72' lang='lat' dir='ltr'><strong>imperantibus</strong></span> <span class='ocrx_word' id='word_1_24' title='bbox 416 641 506 702; x_wconf 90' lang='lat' dir='ltr'><strong>Dom.</strong></span> <span class='ocrx_word' id='word_1_25' title='bbox 528 638 682 703; x_wconf 67' lang='lat' dir='ltr'><strong>Mtclatle</strong></span> <span class='ocrx_word' id='word_1_26' title='bbox 707 638 796 700; x_wconf 84' lang='lat' dir='ltr'><strong>Duco</strong></span> <span class='ocrx_word' id='word_1_27' title='bbox 817 635 939 719; x_wconf 75' lang='lat' dir='ltr'><strong>Angelo</strong></span> <span class='ocrx_word' id='word_1_28' title='bbox 970 636 1123 700; x_wconf 83' lang='lat' dir='ltr'><strong>Comneno</strong></span> <span class='ocrx_word' id='word_1_29' title='bbox 1150 661 1226 700; x_wconf 88' lang='lat' dir='ltr'><strong>nouo</strong></span> <span class='ocrx_word' id='word_1_30' title='bbox 1249 636 1319 700; x_wconf 81' lang='lat' dir='ltr'><strong>Cos-</strong></span> 
     </span>
     <span class='ocr_line' id='line_1_5' title="bbox 184 720 1320 806; baseline -0.004 -17"><span class='ocrx_word' id='word_1_31' title='bbox 184 731 327 803; x_wconf 84' lang='lat' dir='ltr'><strong>stcntino‚</strong></span> <span class='ocrx_word' id='word_1_32' title='bbox 351 723 509 787; x_wconf 79' lang='lat' dir='ltr'><strong>Theodoro</strong></span> <span class='ocrx_word' id='word_1_33' title='bbox 530 723 750 806; x_wconf 77' lang='lat' dir='ltr'><strong>religiosissimo</strong></span> <span class='ocrx_word' id='word_1_34' title='bbox 769 724 928 803; x_wconf 77' lang='lat' dir='ltr'><strong>Augusto,</strong></span> <span class='ocrx_word' id='word_1_35' title='bbox 953 723 1049 785; x_wconf 86' lang='lat' dir='ltr'><strong>Dom.</strong></span> <span class='ocrx_word' id='word_1_36' title='bbox 1071 721 1253 785; x_wconf 75' lang='lat' dir='ltr'><strong><em>Andronico</em></strong></span> <span class='ocrx_word' id='word_1_37' title='bbox 1268 720 1320 785; x_wconf 83' lang='lat' dir='ltr'><strong>Co-</strong></span> 
     </span>
     <span class='ocr_line' id='line_1_6' title="bbox 182 805 1319 892; baseline -0.004 -20"><span class='ocrx_word' id='word_1_38' title='bbox 182 835 288 874; x_wconf 85' lang='lat' dir='ltr'><strong>mneno</strong></span> <span class='ocrx_word' id='word_1_39' title='bbox 313 808 512 892; x_wconf 82' lang='lat' dir='ltr'><strong>Pulueologo,</strong></span> <span class='ocrx_word' id='word_1_40' title='bbox 545 825 572 870; x_wconf 84' lang='lat' dir='ltr'><strong>et</strong></span> <span class='ocrx_word' id='word_1_41' title='bbox 600 807 730 870; x_wconf 84' lang='lat' dir='ltr'><strong>ANNA</strong></span> <span class='ocrx_word' id='word_1_42' title='bbox 759 805 983 889; x_wconf 55' lang='lat' dir='ltr'><strong>religiosissimo</strong></span> <span class='ocrx_word' id='word_1_43' title='bbox 1009 808 1168 890; x_wconf 76' lang='lat' dir='ltr'><strong>Augusto.</strong></span> <span class='ocrx_word' id='word_1_44' title='bbox 1212 810 1319 870; x_wconf 81' lang='lat' dir='ltr'><strong>Eratis</strong></span> 
     </span>
     <span class='ocr_line' id='line_1_7' title="bbox 185 893 1319 958; baseline -0.003 0"><span class='ocrx_word' id='word_1_45' title='bbox 185 918 281 958; x_wconf 85' lang='lat' dir='ltr'><strong>annus</strong></span> <span class='ocrx_word' id='word_1_46' title='bbox 299 895 412 956; x_wconf 78' lang='lat' dir='ltr'><strong>Christi</strong></span> <span class='ocrx_word' id='word_1_47' title='bbox 422 895 639 955; x_wconf 80' lang='lat' dir='ltr'><strong>MCCLXXVI.</strong></span> <span class='ocrx_word' id='word_1_48' title='bbox 654 893 759 954; x_wconf 89' lang='lat' dir='ltr'><strong>aetatis</strong></span> <span class='ocrx_word' id='word_1_49' title='bbox 775 903 873 952; x_wconf 89' lang='lat' dir='ltr'><strong>autem</strong></span> <span class='ocrx_word' id='word_1_50' title='bbox 886 893 1059 953; x_wconf 80' lang='lat' dir='ltr'><strong>Andronici</strong></span> <span class='ocrx_word' id='word_1_51' title='bbox 1082 893 1199 957; x_wconf 93' lang='lat' dir='ltr'>XVIlI.</span> <span class='ocrx_word' id='word_1_52' title='bbox 1223 915 1319 955; x_wconf 79' lang='lat' dir='ltr'><strong>sorus.</strong></span> 
     </span>
     <span class='ocr_line' id='line_1_8' title="bbox 270 971 1319 1062; baseline -0.004 -18"><span class='ocrx_word' id='word_1_53' title='bbox 270 987 342 1062; x_wconf 80' lang='lat' dir='ltr'><strong>Peg.</strong></span> <span class='ocrx_word' id='word_1_54' title='bbox 366 986 444 1057; x_wconf 88' lang='grc'><strong>167,</strong></span> <span class='ocrx_word' id='word_1_55' title='bbox 466 981 519 1046; x_wconf 78' lang='lat'><strong>24.</strong></span> <span class='ocrx_word' id='word_1_56' title='bbox 541 971 794 1061; x_wconf 76' lang='grc' dir='ltr'><strong><em>Διαπρεσβεύεται</em></strong></span> <span class='ocrx_word' id='word_1_57' title='bbox 815 974 892 1060; x_wconf 73' lang='grc' dir='ltr'><strong>πηός</strong></span> <span class='ocrx_word' id='word_1_58' title='bbox 911 975 965 1041; x_wconf 76' lang='grc' dir='ltr'><strong>τᾶν</strong></span> <span class='ocrx_word' id='word_1_59' title='bbox 987 981 1068 1061; x_wconf 69' lang='grc' dir='ltr'><strong>ρῆγα</strong></span> <span class='ocrx_word' id='word_1_60' title='bbox 1090 983 1150 1059; x_wconf 73' lang='grc' dir='ltr'><strong>τῆς</strong></span> <span class='ocrx_word' id='word_1_61' title='bbox 1171 973 1319 1058; x_wconf 69' lang='grc' dir='ltr'><strong>Ἱσπανίας]</strong></span> 
     </span>
     <span class='ocr_line' id='line_1_9' title="bbox 184 1062 1318 1149; baseline -0.002 -24"><span class='ocrx_word' id='word_1_62' title='bbox 184 1067 277 1126; x_wconf 87' lang='lat' dir='ltr'><strong>Cuius</strong></span> <span class='ocrx_word' id='word_1_63' title='bbox 290 1076 354 1127; x_wconf 87' lang='lat' dir='ltr'><strong>erat</strong></span> <span class='ocrx_word' id='word_1_64' title='bbox 370 1062 496 1149; x_wconf 78' lang='grc' dir='ltr'><strong>ἒκγόνη,</strong></span> <span class='ocrx_word' id='word_1_65' title='bbox 518 1066 618 1145; x_wconf 91' lang='lat' dir='ltr'><strong>inquit</strong></span> <span class='ocrx_word' id='word_1_66' title='bbox 630 1063 844 1144; x_wconf 80' lang='lat' dir='ltr'><strong>Pachymeres:</strong></span> <span class='ocrx_word' id='word_1_67' title='bbox 867 1063 980 1144; x_wconf 89' lang='lat' dir='ltr'><strong>quippe</strong></span> <span class='ocrx_word' id='word_1_68' title='bbox 995 1063 1124 1123; x_wconf 87' lang='lat' dir='ltr'><strong>Beatrix</strong></span> <span class='ocrx_word' id='word_1_69' title='bbox 1147 1083 1228 1125; x_wconf 83' lang='lat' dir='ltr'><strong>uxor</strong></span> <span class='ocrx_word' id='word_1_70' title='bbox 1243 1066 1318 1123; x_wconf 89' lang='lat' dir='ltr'><strong>Cuil-</strong></span> 
     </span>
     <span class='ocr_line' id='line_1_10' title="bbox 184 1149 1320 1223; baseline -0.003 -12"><span class='ocrx_word' id='word_1_71' title='bbox 184 1152 255 1212; x_wconf 87' lang='lat' dir='ltr'><strong>elmi</strong></span> <span class='ocrx_word' id='word_1_72' title='bbox 277 1152 325 1211; x_wconf 90' lang='lat' dir='ltr'><strong>VI.</strong></span> <span class='ocrx_word' id='word_1_73' title='bbox 357 1150 538 1211; x_wconf 85' lang='lat' dir='ltr'><strong>Marchionis</strong></span> <span class='ocrx_word' id='word_1_74' title='bbox 561 1151 796 1223; x_wconf 80' lang='lat' dir='ltr'><strong>MontisscrratI,</strong></span> <span class='ocrx_word' id='word_1_75' title='bbox 843 1149 985 1208; x_wconf 87' lang='lat' dir='ltr'><strong>Guilelmi</strong></span> <span class='ocrx_word' id='word_1_76' title='bbox 1012 1150 1264 1209; x_wconf 84' lang='lat' dir='ltr'><strong>Monferratensis</strong></span> <span class='ocrx_word' id='word_1_77' title='bbox 1292 1169 1320 1208; x_wconf 85' lang='lat' dir='ltr'><strong>se</strong></span> 
     </span>
     <span class='ocr_line' id='line_1_11' title="bbox 182 1234 1320 1315; baseline -0.004 -19"><span class='ocrx_word' id='word_1_78' title='bbox 182 1236 453 1297; x_wconf 72' lang='lat' dir='ltr'><strong>Thessalonicensis</strong></span> <span class='ocrx_word' id='word_1_79' title='bbox 475 1237 554 1315; x_wconf 84' lang='lat' dir='ltr'><strong>regis</strong></span> <span class='ocrx_word' id='word_1_80' title='bbox 573 1235 643 1311; x_wconf 89' lang='lat' dir='ltr'><strong>filii,</strong></span> <span class='ocrx_word' id='word_1_81' title='bbox 673 1245 704 1299; x_wconf 89' lang='lat' dir='ltr'><strong>et</strong></span> <span class='ocrx_word' id='word_1_82' title='bbox 730 1243 826 1296; x_wconf 90' lang='lat' dir='ltr'><strong>mater</strong></span> <span class='ocrx_word' id='word_1_83' title='bbox 849 1234 983 1294; x_wconf 90' lang='lat' dir='ltr'><strong>Iolantae</strong></span> <span class='ocrx_word' id='word_1_84' title='bbox 1008 1254 1064 1294; x_wconf 87' lang='lat' dir='ltr'><strong>seu</strong></span> <span class='ocrx_word' id='word_1_85' title='bbox 1083 1236 1190 1294; x_wconf 85' lang='lat' dir='ltr'><strong>[renes</strong></span> <span class='ocrx_word' id='word_1_86' title='bbox 1212 1235 1320 1293; x_wconf 73' lang='lat' dir='ltr'><strong>alterins</strong></span> 
     </span>
     <span class='ocr_line' id='line_1_12' title="bbox 182 1318 1319 1402; baseline -0.002 -21"><span class='ocrx_word' id='word_1_87' title='bbox 182 1321 350 1382; x_wconf 79' lang='lat' dir='ltr'><strong>Andronici</strong></span> <span class='ocrx_word' id='word_1_88' title='bbox 366 1321 438 1402; x_wconf 87' lang='lat' dir='ltr'><strong>imp.</strong></span> <span class='ocrx_word' id='word_1_89' title='bbox 461 1322 584 1399; x_wconf 71' lang='lat' dir='ltr'><strong>moris,</strong></span> <span class='ocrx_word' id='word_1_90' title='bbox 612 1321 675 1381; x_wconf 89' lang='lat' dir='ltr'><strong>filia</strong></span> <span class='ocrx_word' id='word_1_91' title='bbox 698 1321 758 1380; x_wconf 87' lang='lat' dir='ltr'><strong>suit</strong></span> <span class='ocrx_word' id='word_1_92' title='bbox 777 1319 894 1380; x_wconf 85' lang='lat' dir='ltr'><strong>Allonai</strong></span> <span class='ocrx_word' id='word_1_93' title='bbox 912 1320 993 1399; x_wconf 79' lang='lat' dir='ltr'><strong>regis</strong></span> <span class='ocrx_word' id='word_1_94' title='bbox 1016 1318 1188 1397; x_wconf 42' lang='lat' dir='ltr'><strong>Castellum</strong></span> <span class='ocrx_word' id='word_1_95' title='bbox 1211 1340 1263 1380; x_wconf 86' lang='lat' dir='ltr'><strong>seu</strong></span> <span class='ocrx_word' id='word_1_96' title='bbox 1279 1319 1319 1379; x_wconf 85' lang='lat' dir='ltr'><strong>lli-</strong></span> 
     </span>
     <span class='ocr_line' id='line_1_13' title="bbox 182 1409 1294 1487; baseline 0 -22"><span class='ocrx_word' id='word_1_97' title='bbox 182 1409 314 1487; x_wconf 80' lang='lat' dir='ltr'><strong>spaniae.</strong></span> <span class='ocrx_word' id='word_1_98' title='bbox 356 1427 489 1467; x_wconf 81' lang='lat' dir='ltr'><strong>uncarro.</strong></span> <span class='ocrx_word' id='word_1_99' title='bbox 1290 1427 1294 1442; x_wconf 73' lang='lat'><strong>¹</strong></span> 
     </span>
     <span class='ocr_line' id='line_1_14' title="bbox 267 1483 1318 1574; baseline -0.002 -21"><span class='ocrx_word' id='word_1_100' title='bbox 267 1491 349 1574; x_wconf 76' lang='lat' dir='ltr'><strong>Peg:</strong></span> <span class='ocrx_word' id='word_1_101' title='bbox 366 1496 444 1567; x_wconf 91' lang='grc'><strong>168,</strong></span> <span class='ocrx_word' id='word_1_102' title='bbox 467 1495 496 1557; x_wconf 90' lang='lat'><strong>8·</strong></span> <span class='ocrx_word' id='word_1_103' title='bbox 520 1489 601 1571; x_wconf 80' lang='grc' dir='ltr'><strong>Πρὶν</strong></span> <span class='ocrx_word' id='word_1_104' title='bbox 620 1487 654 1555; x_wconf 80' lang='lat' dir='ltr'><strong>ri</strong></span> <span class='ocrx_word' id='word_1_105' title='bbox 665 1485 826 1568; x_wconf 71' lang='grc' dir='ltr'><strong><em>ἐνδόσιμον</em></strong></span> <span class='ocrx_word' id='word_1_106' title='bbox 843 1486 999 1568; x_wconf 72' lang='grc' dir='ltr'><strong><em>εἰληφέναι</em></strong></span> <span class='ocrx_word' id='word_1_107' title='bbox 1014 1484 1100 1572; x_wconf 72' lang='grc' dir='ltr'><strong>παρὰ</strong></span> <span class='ocrx_word' id='word_1_108' title='bbox 1118 1493 1178 1551; x_wconf 76' lang='grc' dir='ltr'><strong>τοῦ</strong></span> <span class='ocrx_word' id='word_1_109' title='bbox 1195 1483 1318 1567; x_wconf 63' lang='lat' dir='ltr'><strong>nim]</strong></span> 
     </span>
     <span class='ocr_line' id='line_1_15' title="bbox 181 1574 1317 1652; baseline -0.004 -15"><span class='ocrx_word' id='word_1_110' title='bbox 181 1576 230 1637; x_wconf 79' lang='lat' dir='ltr'><strong>Ex</strong></span> <span class='ocrx_word' id='word_1_111' title='bbox 247 1574 307 1635; x_wconf 91' lang='lat' dir='ltr'><strong>hoc</strong></span> <span class='ocrx_word' id='word_1_112' title='bbox 326 1576 396 1636; x_wconf 92' lang='lat' dir='ltr'><strong>loco</strong></span> <span class='ocrx_word' id='word_1_113' title='bbox 421 1577 513 1637; x_wconf 83' lang='lat' dir='ltr'><strong>insert</strong></span> <span class='ocrx_word' id='word_1_114' title='bbox 537 1577 666 1636; x_wconf 87' lang='lat' dir='ltr'><strong>Allatius</strong></span> <span class='ocrx_word' id='word_1_115' title='bbox 689 1577 742 1636; x_wconf 91' lang='lat' dir='ltr'><strong>lib.</strong></span> <span class='ocrx_word' id='word_1_116' title='bbox 767 1575 806 1637; x_wconf 89' lang='lat' dir='ltr'><strong>II.</strong></span> <span class='ocrx_word' id='word_1_117' title='bbox 837 1575 875 1634; x_wconf 88' lang='lat' dir='ltr'><strong>de</strong></span> <span class='ocrx_word' id='word_1_118' title='bbox 896 1574 1058 1652; x_wconf 87' lang='lat' dir='ltr'><strong>utriusque</strong></span> <span class='ocrx_word' id='word_1_119' title='bbox 1082 1576 1164 1637; x_wconf 86' lang='lat' dir='ltr'><strong>eccl.</strong></span> <span class='ocrx_word' id='word_1_120' title='bbox 1195 1595 1317 1635; x_wconf 83' lang='lat' dir='ltr'><strong>consens</strong></span> 
     </span>
     <span class='ocr_line' id='line_1_16' title="bbox 182 1659 1318 1743; baseline -0.003 -22"><span class='ocrx_word' id='word_1_121' title='bbox 182 1681 250 1743; x_wconf 88' lang='lat' dir='ltr'><strong>cap.</strong></span> <span class='ocrx_word' id='word_1_122' title='bbox 271 1661 352 1722; x_wconf 84' lang='lat' dir='ltr'><strong>xlv.</strong></span> <span class='ocrx_word' id='word_1_123' title='bbox 374 1682 403 1721; x_wconf 87' lang='lat' dir='ltr'><strong>n.</strong></span> <span class='ocrx_word' id='word_1_124' title='bbox 420 1668 448 1728; x_wconf 91' lang='lat'><strong>1.</strong></span> <span class='ocrx_word' id='word_1_125' title='bbox 471 1683 535 1722; x_wconf 88' lang='lat' dir='ltr'><strong>eam</strong></span> <span class='ocrx_word' id='word_1_126' title='bbox 557 1662 688 1742; x_wconf 79' lang='lat' dir='ltr'><strong>viguisse</strong></span> <span class='ocrx_word' id='word_1_127' title='bbox 708 1672 773 1721; x_wconf 88' lang='lat' dir='ltr'><strong>tum</strong></span> <span class='ocrx_word' id='word_1_128' title='bbox 795 1659 1058 1735; x_wconf 85' lang='lat' dir='ltr'><strong>consuetudinem,</strong></span> <span class='ocrx_word' id='word_1_129' title='bbox 1081 1671 1120 1721; x_wconf 89' lang='lat' dir='ltr'><strong>ut</strong></span> <span class='ocrx_word' id='word_1_130' title='bbox 1140 1662 1257 1720; x_wconf 88' lang='lat' dir='ltr'><strong>Latinis</strong></span> <span class='ocrx_word' id='word_1_131' title='bbox 1271 1679 1318 1718; x_wconf 89' lang='lat' dir='ltr'><strong>noa</strong></span> 
     </span>
     <span class='ocr_line' id='line_1_17' title="bbox 181 1746 1317 1825; baseline -0.002 -20"><span class='ocrx_word' id='word_1_132' title='bbox 181 1746 300 1806; x_wconf 84' lang='lat' dir='ltr'><strong>licuerit</strong></span> <span class='ocrx_word' id='word_1_133' title='bbox 321 1747 508 1806; x_wconf 90' lang='lat' dir='ltr'><strong>matrimonia</strong></span> <span class='ocrx_word' id='word_1_134' title='bbox 529 1747 605 1806; x_wconf 88' lang='lat' dir='ltr'><strong>inire</strong></span> <span class='ocrx_word' id='word_1_135' title='bbox 627 1768 695 1807; x_wconf 89' lang='lat' dir='ltr'><strong>cum</strong></span> <span class='ocrx_word' id='word_1_136' title='bbox 719 1747 855 1821; x_wconf 90' lang='lat' dir='ltr'><strong>Graecis,</strong></span> <span class='ocrx_word' id='word_1_137' title='bbox 891 1746 949 1805; x_wconf 87' lang='lat' dir='ltr'><strong>nisi</strong></span> <span class='ocrx_word' id='word_1_138' title='bbox 970 1765 1090 1805; x_wconf 90' lang='lat' dir='ltr'><strong>summo</strong></span> <span class='ocrx_word' id='word_1_139' title='bbox 1115 1746 1260 1825; x_wconf 86' lang='lat' dir='ltr'><strong>pontifice</strong></span> <span class='ocrx_word' id='word_1_140' title='bbox 1278 1766 1317 1804; x_wconf 80' lang='lat' dir='ltr'><strong>aa</strong></span> 
     </span>
     <span class='ocr_line' id='line_1_18' title="bbox 179 1829 1316 1913; baseline -0.001 -22"><span class='ocrx_word' id='word_1_141' title='bbox 179 1841 300 1892; x_wconf 87' lang='lat' dir='ltr'><strong>nuente.</strong></span> <span class='ocrx_word' id='word_1_142' title='bbox 345 1832 414 1905; x_wconf 89' lang='lat' dir='ltr'><strong>Quo</strong></span> <span class='ocrx_word' id='word_1_143' title='bbox 435 1832 544 1894; x_wconf 78' lang='lat' dir='ltr'><strong>referri</strong></span> <span class='ocrx_word' id='word_1_144' title='bbox 565 1842 664 1913; x_wconf 88' lang='lat' dir='ltr'><strong>potest</strong></span> <span class='ocrx_word' id='word_1_145' title='bbox 693 1832 776 1911; x_wconf 92' lang='lat' dir='ltr'><strong>quod</strong></span> <span class='ocrx_word' id='word_1_146' title='bbox 797 1831 890 1891; x_wconf 83' lang='lat' dir='ltr'><strong>tradit</strong></span> <span class='ocrx_word' id='word_1_147' title='bbox 911 1829 1080 1890; x_wconf 83' lang='lat' dir='ltr'><strong>Matthaeus</strong></span> <span class='ocrx_word' id='word_1_148' title='bbox 1102 1831 1240 1891; x_wconf 83' lang='lat' dir='ltr'><strong>Parisius</strong></span> <span class='ocrx_word' id='word_1_149' title='bbox 1263 1849 1316 1910; x_wconf 60' lang='lat' dir='ltr'><strong>paq</strong></span> 
     </span>
     <span class='ocr_line' id='line_1_19' title="bbox 180 1915 1316 1996; baseline -0.007 -16"><span class='ocrx_word' id='word_1_150' title='bbox 180 1918 255 1981; x_wconf 81' lang='lat'><strong>418.</strong></span> <span class='ocrx_word' id='word_1_151' title='bbox 271 1915 342 1980; x_wconf 79' lang='lat'><strong>431.</strong></span> <span class='ocrx_word' id='word_1_152' title='bbox 365 1926 396 1975; x_wconf 79' lang='lat' dir='ltr'><strong>et</strong></span> <span class='ocrx_word' id='word_1_153' title='bbox 409 1916 480 1983; x_wconf 79' lang='lat'><strong>453.</strong></span> <span class='ocrx_word' id='word_1_154' title='bbox 503 1939 590 1996; x_wconf 86' lang='lat' dir='ltr'><strong>aegre</strong></span> <span class='ocrx_word' id='word_1_155' title='bbox 612 1918 773 1978; x_wconf 80' lang='lat' dir='ltr'><strong>admodum</strong></span> <span class='ocrx_word' id='word_1_156' title='bbox 794 1916 900 1976; x_wconf 84' lang='lat' dir='ltr'><strong>tulisse</strong></span> <span class='ocrx_word' id='word_1_157' title='bbox 921 1935 1071 1975; x_wconf 85' lang='lat' dir='ltr'><strong>summum</strong></span> <span class='ocrx_word' id='word_1_158' title='bbox 1087 1917 1271 1995; x_wconf 82' lang='lat' dir='ltr'><strong>pontificem,</strong></span> <span class='ocrx_word' id='word_1_159' title='bbox 1290 1934 1316 1972; x_wconf 87' lang='lat' dir='ltr'><strong>sc</strong></span> 
     </span>
     <span class='ocr_line' id='line_1_20' title="bbox 178 2001 1316 2082; baseline 0.001 -23"><span class='ocrx_word' id='word_1_160' title='bbox 178 2020 241 2059; x_wconf 89' lang='lat' dir='ltr'><strong>non</strong></span> <span class='ocrx_word' id='word_1_161' title='bbox 262 2002 354 2062; x_wconf 88' lang='lat' dir='ltr'><strong>semel</strong></span> <span class='ocrx_word' id='word_1_162' title='bbox 375 2002 527 2064; x_wconf 89' lang='lat' dir='ltr'><strong>obiectum</strong></span> <span class='ocrx_word' id='word_1_163' title='bbox 547 2004 701 2064; x_wconf 88' lang='lat' dir='ltr'><strong>Friderico</strong></span> <span class='ocrx_word' id='word_1_164' title='bbox 725 2003 760 2063; x_wconf 91' lang='lat' dir='ltr'><strong>II.</strong></span> <span class='ocrx_word' id='word_1_165' title='bbox 781 2003 855 2082; x_wconf 88' lang='lat' dir='ltr'><strong>imp.</strong></span> <span class='ocrx_word' id='word_1_166' title='bbox 877 2002 960 2080; x_wconf 89' lang='lat' dir='ltr'><strong>quod</strong></span> <span class='ocrx_word' id='word_1_167' title='bbox 980 2001 1075 2072; x_wconf 81' lang='lat' dir='ltr'><strong>filiam</strong></span> <span class='ocrx_word' id='word_1_168' title='bbox 1099 2022 1188 2062; x_wconf 88' lang='lat' dir='ltr'><strong>suam</strong></span> <span class='ocrx_word' id='word_1_169' title='bbox 1210 2001 1316 2062; x_wconf 79' lang='lat' dir='ltr'><strong>nothata</strong></span> 
     </span>
     <span class='ocr_line' id='line_1_21' title="bbox 179 2086 1315 2163; baseline 0 -19"><span class='ocrx_word' id='word_1_170' title='bbox 179 2088 312 2163; x_wconf 80' lang='lat' dir='ltr'><strong>Annam,</strong></span> <span class='ocrx_word' id='word_1_171' title='bbox 334 2107 387 2147; x_wconf 89' lang='lat' dir='ltr'><strong>seu</strong></span> <span class='ocrx_word' id='word_1_172' title='bbox 409 2089 662 2162; x_wconf 69' lang='lat' dir='ltr'><strong>muniuerunt,</strong></span> <span class='ocrx_word' id='word_1_173' title='bbox 685 2088 900 2159; x_wconf 79' lang='lat' dir='ltr'><strong>Constantiam,</strong></span> <span class='ocrx_word' id='word_1_174' title='bbox 922 2086 952 2146; x_wconf 91' lang='lat' dir='ltr'><strong>in</strong></span> <span class='ocrx_word' id='word_1_175' title='bbox 973 2107 1106 2146; x_wconf 85' lang='lat' dir='ltr'><strong>uxorem</strong></span> <span class='ocrx_word' id='word_1_176' title='bbox 1129 2088 1260 2147; x_wconf 83' lang='lat' dir='ltr'><strong>dedisset</strong></span> <span class='ocrx_word' id='word_1_177' title='bbox 1278 2086 1315 2144; x_wconf 86' lang='lat' dir='ltr'><strong>lo·</strong></span> 
     </span>
     <span class='ocr_line' id='line_1_22' title="bbox 180 2171 1313 2254; baseline -0.001 -23"><span class='ocrx_word' id='word_1_178' title='bbox 180 2172 251 2231; x_wconf 88' lang='lat' dir='ltr'><strong>anni</strong></span> <span class='ocrx_word' id='word_1_179' title='bbox 273 2172 415 2233; x_wconf 88' lang='lat' dir='ltr'><strong>Vatatzae</strong></span> <span class='ocrx_word' id='word_1_180' title='bbox 443 2173 620 2253; x_wconf 87' lang='lat' dir='ltr'><strong>imperatori</strong></span> <span class='ocrx_word' id='word_1_181' title='bbox 642 2172 984 2252; x_wconf 86' lang='lat' dir='ltr'><strong>Constantinopolitano.</strong></span> <span class='ocrx_word' id='word_1_182' title='bbox 1028 2171 1146 2232; x_wconf 83' lang='lat' dir='ltr'><strong>Scribit</strong></span> <span class='ocrx_word' id='word_1_183' title='bbox 1176 2182 1313 2254; x_wconf 79' lang='lat' dir='ltr'><strong>praetem</strong></span> 
     </span>
     <span class='ocr_line' id='line_1_23' title="bbox 179 2256 1312 2341; baseline -0.001 -26"><span class='ocrx_word' id='word_1_184' title='bbox 179 2256 378 2336; x_wconf 82' lang='lat' dir='ltr'><strong>Pachymeres</strong></span> <span class='ocrx_word' id='word_1_185' title='bbox 399 2257 451 2318; x_wconf 88' lang='lat' dir='ltr'><strong>lib.</strong></span> <span class='ocrx_word' id='word_1_186' title='bbox 474 2260 526 2318; x_wconf 83' lang='lat' dir='ltr'><strong>tx.</strong></span> <span class='ocrx_word' id='word_1_187' title='bbox 548 2281 614 2341; x_wconf 88' lang='lat' dir='ltr'><strong>cap.</strong></span> <span class='ocrx_word' id='word_1_188' title='bbox 636 2261 671 2322; x_wconf 88' lang='lat' dir='ltr'><strong>V.</strong></span> <span class='ocrx_word' id='word_1_189' title='bbox 692 2259 897 2319; x_wconf 74' lang='lat' dir='ltr'><strong>Andronicum</strong></span> <span class='ocrx_word' id='word_1_190' title='bbox 918 2257 1136 2336; x_wconf 85' lang='lat' dir='ltr'><strong>Palaeologum</strong></span> <span class='ocrx_word' id='word_1_191' title='bbox 1158 2260 1232 2338; x_wconf 88' lang='lat' dir='ltr'><strong>imp.</strong></span> <span class='ocrx_word' id='word_1_192' title='bbox 1252 2278 1312 2315; x_wconf 75' lang='lat' dir='ltr'><strong>uxo</strong></span> 
     </span>
     <span class='ocr_line' id='line_1_24' title="bbox 177 2342 1313 2424; baseline -0.004 -22"><span class='ocrx_word' id='word_1_193' title='bbox 177 2361 242 2404; x_wconf 80' lang='lat' dir='ltr'><strong>rem</strong></span> <span class='ocrx_word' id='word_1_194' title='bbox 262 2342 324 2403; x_wconf 88' lang='lat' dir='ltr'><strong>filio</strong></span> <span class='ocrx_word' id='word_1_195' title='bbox 341 2343 481 2403; x_wconf 72' lang='lat' dir='ltr'><strong>Michaeli</strong></span> <span class='ocrx_word' id='word_1_196' title='bbox 501 2365 606 2405; x_wconf 88' lang='lat' dir='ltr'><strong>recens</strong></span> <span class='ocrx_word' id='word_1_197' title='bbox 626 2344 800 2424; x_wconf 87' lang='lat' dir='ltr'><strong>imperatori</strong></span> <span class='ocrx_word' id='word_1_198' title='bbox 819 2344 997 2421; x_wconf 84' lang='lat' dir='ltr'><strong>inaugurato</strong></span> <span class='ocrx_word' id='word_1_199' title='bbox 1014 2353 1227 2422; x_wconf 84' lang='lat' dir='ltr'><strong>quaerentem,</strong></span> <span class='ocrx_word' id='word_1_200' title='bbox 1248 2342 1313 2400; x_wconf 80' lang='lat' dir='ltr'><strong>alsla-</strong></span> 
     </span>
     <span class='ocr_line' id='line_1_25' title="bbox 142 2427 1310 2510; baseline -0.001 -23"><span class='ocrx_word' id='word_1_201' title='bbox 142 2496 143 2502; x_wconf 14' lang='grc' dir='ltr'><strong><em>η</em></strong></span> <span class='ocrx_word' id='word_1_202' title='bbox 177 2434 239 2488; x_wconf 70' lang='lat' dir='ltr'><strong>hm</strong></span> <span class='ocrx_word' id='word_1_203' title='bbox 261 2429 319 2487; x_wconf 88' lang='lat' dir='ltr'><strong>sibi</strong></span> <span class='ocrx_word' id='word_1_204' title='bbox 342 2430 442 2490; x_wconf 88' lang='lat' dir='ltr'><strong>Caroli</strong></span> <span class='ocrx_word' id='word_1_205' title='bbox 462 2431 542 2509; x_wconf 83' lang='lat' dir='ltr'><strong>regie</strong></span> <span class='ocrx_word' id='word_1_206' title='bbox 563 2431 682 2491; x_wconf 88' lang='lat' dir='ltr'><strong>Siciliae</strong></span> <span class='ocrx_word' id='word_1_207' title='bbox 704 2431 819 2510; x_wconf 89' lang='lat' dir='ltr'><strong>neptim</strong></span> <span class='ocrx_word' id='word_1_208' title='bbox 841 2449 877 2487; x_wconf 89' lang='lat' dir='ltr'><strong>ac</strong></span> <span class='ocrx_word' id='word_1_209' title='bbox 897 2427 1034 2508; x_wconf 89' lang='lat' dir='ltr'><strong>Philippi</strong></span> <span class='ocrx_word' id='word_1_210' title='bbox 1055 2429 1218 2489; x_wconf 84' lang='lat' dir='ltr'><strong>Tarentini</strong></span> <span class='ocrx_word' id='word_1_211' title='bbox 1237 2428 1310 2487; x_wconf 78' lang='lat' dir='ltr'><strong>liliam</strong></span> 
     </span>
     <span class='ocr_line' id='line_1_26' title="bbox 178 2507 1310 2597; baseline 0.003 -25"><span class='ocrx_word' id='word_1_212' title='bbox 178 2512 329 2589; x_wconf 71' lang='lat' dir='ltr'><strong>abortisse,</strong></span> <span class='ocrx_word' id='word_1_213' title='bbox 350 2511 408 2595; x_wconf 73' lang='grc' dir='ltr'><strong>τὴν</strong></span> <span class='ocrx_word' id='word_1_214' title='bbox 431 2508 490 2578; x_wconf 68' lang='lat' dir='ltr'><strong>uino*</strong></span> <span class='ocrx_word' id='word_1_215' title='bbox 508 2520 564 2578; x_wconf 81' lang='lat' dir='ltr'><strong>cosi</strong></span> <span class='ocrx_word' id='word_1_216' title='bbox 586 2510 706 2578; x_wconf 80' lang='lat' dir='ltr'><strong>Ildnnu</strong></span> <span class='ocrx_word' id='word_1_217' title='bbox 726 2521 782 2597; x_wconf 77' lang='grc' dir='ltr'><strong>τῆς</strong></span> <span class='ocrx_word' id='word_1_218' title='bbox 800 2508 913 2593; x_wconf 74' lang='grc' dir='ltr'><strong><em>Ῥώμης</em></strong></span> <span class='ocrx_word' id='word_1_219' title='bbox 937 2507 1149 2594; x_wconf 73' lang='grc' dir='ltr'><strong><em>ὖπειὸόμενον</em></strong></span> <span class='ocrx_word' id='word_1_220' title='bbox 1170 2514 1310 2593; x_wconf 68' lang='lat' dir='ltr'><strong>sintenes·</strong></span> 
     </span>
     <span class='ocr_line' id='line_1_27' title="bbox 177 2598 1308 2681; baseline -0.004 -20"><span class='ocrx_word' id='word_1_221' title='bbox 177 2600 266 2676; x_wconf 79' lang='lat' dir='ltr'><strong>ulau,</strong></span> <span class='ocrx_word' id='word_1_222' title='bbox 291 2599 344 2658; x_wconf 86' lang='lat' dir='ltr'><strong>sed</strong></span> <span class='ocrx_word' id='word_1_223' title='bbox 367 2610 397 2659; x_wconf 89' lang='lat' dir='ltr'><strong>et</strong></span> <span class='ocrx_word' id='word_1_224' title='bbox 417 2600 496 2678; x_wconf 85' lang='lat' dir='ltr'><strong>regis</strong></span> <span class='ocrx_word' id='word_1_225' title='bbox 519 2601 614 2681; x_wconf 83' lang='lat' dir='ltr'><strong>Cypri</strong></span> <span class='ocrx_word' id='word_1_226' title='bbox 636 2601 750 2677; x_wconf 82' lang='lat' dir='ltr'><strong>filiam,</strong></span> <span class='ocrx_word' id='word_1_227' title='bbox 779 2599 909 2680; x_wconf 81' lang='lat' dir='ltr'><strong>quodie</strong></span> <span class='ocrx_word' id='word_1_228' title='bbox 932 2598 1045 2679; x_wconf 85' lang='lat' dir='ltr'><strong>absque</strong></span> <span class='ocrx_word' id='word_1_229' title='bbox 1069 2600 1229 2678; x_wconf 86' lang='lat' dir='ltr'><strong>pontilicis</strong></span> <span class='ocrx_word' id='word_1_230' title='bbox 1246 2615 1308 2656; x_wconf 79' lang='lat' dir='ltr'><strong>sua·</strong></span> 
     </span>
     <span class='ocr_line' id='line_1_28' title="bbox 177 2671 1305 2767; baseline 0.004 -26"><span class='ocrx_word' id='word_1_231' title='bbox 177 2683 220 2742; x_wconf 88' lang='lat' dir='ltr'><strong>mi</strong></span> <span class='ocrx_word' id='word_1_232' title='bbox 242 2685 368 2744; x_wconf 87' lang='lat' dir='ltr'><strong>consilio</strong></span> <span class='ocrx_word' id='word_1_233' title='bbox 391 2695 421 2744; x_wconf 92' lang='lat' dir='ltr'><strong>et</strong></span> <span class='ocrx_word' id='word_1_234' title='bbox 442 2686 585 2747; x_wconf 83' lang='lat' dir='ltr'><strong>facultate</strong></span> <span class='ocrx_word' id='word_1_235' title='bbox 607 2684 662 2746; x_wconf 87' lang='lat' dir='ltr'><strong>has</strong></span> <span class='ocrx_word' id='word_1_236' title='bbox 679 2686 963 2767; x_wconf 81' lang='lat' dir='ltr'><strong>nuptiasperagere</strong></span> <span class='ocrx_word' id='word_1_237' title='bbox 983 2684 1096 2743; x_wconf 85' lang='lat' dir='ltr'><strong>nollet:</strong></span> <span class='ocrx_word' id='word_1_238' title='bbox 1118 2680 1156 2749; x_wconf 70' lang='lat' dir='ltr'><strong>co*</strong></span> <span class='ocrx_word' id='word_1_239' title='bbox 1180 2679 1214 2747; x_wconf 82' lang='lat' dir='ltr'><strong>d’</strong></span> <span class='ocrx_word' id='word_1_240' title='bbox 1231 2671 1305 2764; x_wconf 72' lang='lat' dir='ltr'><strong>q&#39;ssi</strong></span> 
     </span>
     <span class='ocr_line' id='line_1_29' title="bbox 176 2746 1305 2854; baseline 0.002 -24"><span class='ocrx_word' id='word_1_241' title='bbox 176 2764 240 2831; x_wconf 70' lang='lat' dir='ltr'><strong>atet</strong></span> <span class='ocrx_word' id='word_1_242' title='bbox 265 2770 362 2854; x_wconf 75' lang='grc' dir='ltr'><strong><em>βουλῇ</em></strong></span> <span class='ocrx_word' id='word_1_243' title='bbox 380 2771 434 2833; x_wconf 77' lang='grc' dir='ltr'><strong>καλ</strong></span> <span class='ocrx_word' id='word_1_244' title='bbox 451 2765 577 2853; x_wconf 71' lang='grc' dir='ltr'><strong><em>θελήσει</em></strong></span> <span class='ocrx_word' id='word_1_245' title='bbox 595 2776 650 2852; x_wconf 80' lang='grc' dir='ltr'><strong>τῆς</strong></span> <span class='ocrx_word' id='word_1_246' title='bbox 665 2769 740 2835; x_wconf 75' lang='lat' dir='ltr'><strong>ansol</strong></span> <span class='ocrx_word' id='word_1_247' title='bbox 761 2767 876 2853; x_wconf 69' lang='grc' dir='ltr'><strong><em>Ῥώμην</em></strong></span> <span class='ocrx_word' id='word_1_248' title='bbox 895 2771 1056 2851; x_wconf 75' lang='grc' dir='ltr'><strong><em>ἐκκλησίας</em></strong></span> <span class='ocrx_word' id='word_1_249' title='bbox 1076 2766 1112 2833; x_wconf 79' lang='grc' dir='ltr'><strong>τὸ</strong></span> <span class='ocrx_word' id='word_1_250' title='bbox 1134 2746 1305 2852; x_wconf 47' lang='lat' dir='ltr'><strong>austu*</strong></span> 
     </span>
     <span class='ocr_line' id='line_1_30' title="bbox 175 2849 577 2937; baseline -0.005 -18"><span class='ocrx_word' id='word_1_251' title='bbox 175 2849 421 2937; x_wconf 74' lang='grc' dir='ltr'><strong>διαπράττεσθαι.</strong></span> <span class='ocrx_word' id='word_1_252' title='bbox 446 2877 577 2920; x_wconf 78' lang='lat' dir='ltr'><strong>aucune.</strong></span> 
     </span>
     <span class='ocr_line' id='line_1_31' title="bbox 263 2933 1340 3022; baseline -0.003 -17"><span class='ocrx_word' id='word_1_253' title='bbox 263 2943 336 3022; x_wconf 74' lang='lat' dir='ltr'><strong>Peg.</strong></span> <span class='ocrx_word' id='word_1_254' title='bbox 359 2945 436 3018; x_wconf 84' lang='lat'><strong>168,</strong></span> <span class='ocrx_word' id='word_1_255' title='bbox 459 2947 510 3007; x_wconf 82' lang='lat'><strong>12.</strong></span> <span class='ocrx_word' id='word_1_256' title='bbox 548 2933 605 3004; x_wconf 80' lang='grc' dir='ltr'><strong>Ἠν</strong></span> <span class='ocrx_word' id='word_1_257' title='bbox 622 2939 655 3006; x_wconf 76' lang='grc' dir='ltr'><strong>δὲ</strong></span> <span class='ocrx_word' id='word_1_258' title='bbox 669 2940 687 3005; x_wconf 83' lang='grc' dir='ltr'><em>ὅ</em></span> <span class='ocrx_word' id='word_1_259' title='bbox 702 2935 839 3021; x_wconf 63' lang='lat' dir='ltr'><strong>duodecin</strong></span> <span class='ocrx_word' id='word_1_260' title='bbox 859 2941 1024 3019; x_wconf 71' lang='grc' dir='ltr'><strong><em>τηνικαῦτα</em></strong></span> <span class='ocrx_word' id='word_1_261' title='bbox 1044 2944 1102 3017; x_wconf 78' lang='grc' dir='ltr'><strong>τῆς</strong></span> <span class='ocrx_word' id='word_1_262' title='bbox 1124 2938 1206 3021; x_wconf 72' lang='grc' dir='ltr'><strong>ἦλα.</strong></span> <span class='ocrx_word' id='word_1_263' title='bbox 1224 2934 1301 3016; x_wconf 65' lang='lat' dir='ltr'><strong>solut</strong></span> <span class='ocrx_word' id='word_1_264' title='bbox 1336 2980 1340 3015; x_wconf 64' lang='grc' dir='ltr'><strong><em>ς</em></strong></span> 
     </span>
    </p>
   </div>
   <div class='ocr_carea' id='block_1_3' title="bbox 58 3021 1339 3109">
    <p class='ocr_par' dir='ltr' id='par_1_3' title="bbox 58 3021 1342 3109">
     <span class='ocr_line' id='line_1_32' title="bbox 58 3021 1339 3109; baseline 0.003 -24"><span class='ocrx_word' id='word_1_265' title='bbox 58 3075 60 3085; x_wconf 95' lang='grc'><strong>.</strong></span> <span class='ocrx_word' id='word_1_266' title='bbox 175 3021 229 3087; x_wconf 79' lang='grc' dir='ltr'><strong>καὶ</strong></span> <span class='ocrx_word' id='word_1_267' title='bbox 251 3022 383 3090; x_wconf 77' lang='grc' dir='ltr'><strong>εἰκοστὸν</strong></span> <span class='ocrx_word' id='word_1_268' title='bbox 405 3026 470 3101; x_wconf 69' lang='grc' dir='ltr'><strong>ἔτος</strong></span> <span class='ocrx_word' id='word_1_269' title='bbox 490 3021 642 3109; x_wconf 75' lang='grc' dir='ltr'><strong>ἆμελβων]</strong></span> <span class='ocrx_word' id='word_1_270' title='bbox 675 3027 801 3091; x_wconf 84' lang='lat' dir='ltr'><strong>Wollius</strong></span> <span class='ocrx_word' id='word_1_271' title='bbox 822 3035 970 3100; x_wconf 72' lang='lat' dir='ltr'><strong>verterat,</strong></span> <span class='ocrx_word' id='word_1_272' title='bbox 1001 3023 1125 3106; x_wconf 72' lang='lat' dir='ltr'><strong>Agebat</strong></span> <span class='ocrx_word' id='word_1_273' title='bbox 1151 3041 1213 3084; x_wconf 78' lang='lat' dir='ltr'><strong>ram</strong></span> <span class='ocrx_word' id='word_1_274' title='bbox 1232 3026 1300 3100; x_wconf 56' lang='lat' dir='ltr'><strong>imp</strong></span> <span class='ocrx_word' id='word_1_275' title='bbox 1336 3085 1339 3106; x_wconf 63' lang='grc'><strong>,</strong></span> 
     </span>
    </p>
   </div>
   <div class='ocr_carea' id='block_1_4' title="bbox 167 3106 1338 4397">
    <p class='ocr_par' dir='ltr' id='par_1_4' title="bbox 167 3106 1338 4397">
     <span class='ocr_line' id='line_1_33' title="bbox 175 3106 1338 3193; baseline -0.004 -23"><span class='ocrx_word' id='word_1_276' title='bbox 175 3125 260 3170; x_wconf 86' lang='lat' dir='ltr'><strong>rotor</strong></span> <span class='ocrx_word' id='word_1_277' title='bbox 284 3133 393 3172; x_wconf 84' lang='lat' dir='ltr'><strong>annum</strong></span> <span class='ocrx_word' id='word_1_278' title='bbox 418 3114 532 3172; x_wconf 85' lang='lat' dir='ltr'><strong>tertium</strong></span> <span class='ocrx_word' id='word_1_279' title='bbox 560 3128 589 3173; x_wconf 79' lang='lat' dir='ltr'><strong>et</strong></span> <span class='ocrx_word' id='word_1_280' title='bbox 616 3114 795 3193; x_wconf 75' lang='lat' dir='ltr'><strong>vigesimam.</strong></span> <span class='ocrx_word' id='word_1_281' title='bbox 838 3113 899 3190; x_wconf 80' lang='lat' dir='ltr'><strong>Ego</strong></span> <span class='ocrx_word' id='word_1_282' title='bbox 927 3111 1023 3186; x_wconf 82' lang='lat' dir='ltr'><strong>verti,</strong></span> <span class='ocrx_word' id='word_1_283' title='bbox 1054 3106 1231 3170; x_wconf 60' lang='lat' dir='ltr'><strong>&amp;cedebas</strong></span> <span class='ocrx_word' id='word_1_284' title='bbox 1254 3120 1299 3163; x_wconf 69' lang='lat' dir='ltr'><strong>tn</strong></span> <span class='ocrx_word' id='word_1_285' title='bbox 1332 3139 1338 3178; x_wconf 43' lang='lat' dir='ltr'><strong>f</strong></span> 
     </span>
     <span class='ocr_line' id='line_1_34' title="bbox 174 3182 1299 3276; baseline 0 -23"><span class='ocrx_word' id='word_1_286' title='bbox 174 3195 246 3275; x_wconf 86' lang='lat' dir='ltr'><strong>imp.</strong></span> <span class='ocrx_word' id='word_1_287' title='bbox 270 3217 397 3271; x_wconf 85' lang='lat' dir='ltr'><strong>annum,</strong></span> <span class='ocrx_word' id='word_1_288' title='bbox 419 3206 476 3257; x_wconf 86' lang='lat' dir='ltr'><strong>etc.</strong></span> <span class='ocrx_word' id='word_1_289' title='bbox 516 3198 727 3276; x_wconf 83' lang='lat' dir='ltr'><strong>Praeterquam</strong></span> <span class='ocrx_word' id='word_1_290' title='bbox 750 3197 828 3257; x_wconf 88' lang='lat' dir='ltr'><strong>enim</strong></span> <span class='ocrx_word' id='word_1_291' title='bbox 849 3196 934 3276; x_wconf 90' lang='lat' dir='ltr'><strong>quod</strong></span> <span class='ocrx_word' id='word_1_292' title='bbox 958 3217 994 3255; x_wconf 90' lang='lat' dir='ltr'><strong>ea</strong></span> <span class='ocrx_word' id='word_1_293' title='bbox 1011 3204 1059 3255; x_wconf 84' lang='lat' dir='ltr'><strong>est</strong></span> <span class='ocrx_word' id='word_1_294' title='bbox 1077 3195 1126 3253; x_wconf 84' lang='lat' dir='ltr'><strong>vis</strong></span> <span class='ocrx_word' id='word_1_295' title='bbox 1141 3182 1299 3269; x_wconf 59' lang='lat' dir='ltr'><strong>vntttpd</strong></span> 
     </span>
     <span class='ocr_line' id='line_1_35' title="bbox 173 3262 1336 3364; baseline -0.005 -23"><span class='ocrx_word' id='word_1_296' title='bbox 173 3280 258 3359; x_wconf 81' lang='grc' dir='ltr'><strong>βειν,</strong></span> <span class='ocrx_word' id='word_1_297' title='bbox 282 3279 493 3362; x_wconf 79' lang='lat' dir='ltr'><strong>chronologiae</strong></span> <span class='ocrx_word' id='word_1_298' title='bbox 514 3281 610 3364; x_wconf 89' lang='lat' dir='ltr'><strong>ipsius</strong></span> <span class='ocrx_word' id='word_1_299' title='bbox 633 3283 711 3343; x_wconf 87' lang='lat' dir='ltr'><strong>ratio</strong></span> <span class='ocrx_word' id='word_1_300' title='bbox 733 3283 816 3343; x_wconf 80' lang='lat' dir='ltr'><strong>iavet</strong></span> <span class='ocrx_word' id='word_1_301' title='bbox 833 3292 955 3342; x_wconf 85' lang='lat' dir='ltr'><strong>nostroe</strong></span> <span class='ocrx_word' id='word_1_302' title='bbox 977 3262 1232 3358; x_wconf 68' lang='lat' dir='ltr'><strong>interprendant</strong></span> <span class='ocrx_word' id='word_1_303' title='bbox 1255 3274 1298 3335; x_wconf 80' lang='lat' dir='ltr'><strong>la·</strong></span> <span class='ocrx_word' id='word_1_304' title='bbox 1334 3280 1336 3293; x_wconf 74' lang='lat'>‘</span> 
     </span>
     <span class='ocr_line' id='line_1_36' title="bbox 173 3365 1337 3448; baseline 0.002 -27"><span class='ocrx_word' id='word_1_305' title='bbox 173 3383 224 3422; x_wconf 90' lang='lat' dir='ltr'><strong>mo</strong></span> <span class='ocrx_word' id='word_1_306' title='bbox 240 3365 450 3428; x_wconf 84' lang='lat' dir='ltr'><strong>Andronicum</strong></span> <span class='ocrx_word' id='word_1_307' title='bbox 471 3368 684 3448; x_wconf 86' lang='lat' dir='ltr'><strong>imperatorem</strong></span> <span class='ocrx_word' id='word_1_308' title='bbox 706 3390 798 3428; x_wconf 91' lang='lat' dir='ltr'><strong>annos</strong></span> <span class='ocrx_word' id='word_1_309' title='bbox 820 3367 931 3428; x_wconf 88' lang='lat' dir='ltr'>XXIV.</span> <span class='ocrx_word' id='word_1_310' title='bbox 958 3367 1122 3425; x_wconf 83' lang='lat' dir='ltr'><strong>excessisse</strong></span> <span class='ocrx_word' id='word_1_311' title='bbox 1145 3369 1257 3445; x_wconf 83' lang='lat' dir='ltr'><strong>oportet</strong></span> <span class='ocrx_word' id='word_1_312' title='bbox 1271 3375 1297 3418; x_wconf 70' lang='lat'>⁰</span> <span class='ocrx_word' id='word_1_313' title='bbox 1336 3370 1337 3373; x_wconf 73' lang='grc'>’</span> 
     </span>
     <span class='ocr_line' id='line_1_37' title="bbox 173 3451 1268 3532; baseline 0.002 -26"><span class='ocrx_word' id='word_1_314' title='bbox 173 3457 319 3528; x_wconf 87' lang='lat' dir='ltr'><strong>tempore,</strong></span> <span class='ocrx_word' id='word_1_315' title='bbox 341 3475 401 3532; x_wconf 92' lang='lat' dir='ltr'><strong>quo</strong></span> <span class='ocrx_word' id='word_1_316' title='bbox 424 3455 584 3514; x_wconf 90' lang='lat' dir='ltr'><strong>secundam</strong></span> <span class='ocrx_word' id='word_1_317' title='bbox 607 3474 732 3514; x_wconf 86' lang='lat' dir='ltr'><strong>uxorem</strong></span> <span class='ocrx_word' id='word_1_318' title='bbox 754 3454 853 3529; x_wconf 82' lang='lat' dir='ltr'><strong>duxit,</strong></span> <span class='ocrx_word' id='word_1_319' title='bbox 875 3453 901 3511; x_wconf 88' lang='lat' dir='ltr'><strong>si</strong></span> <span class='ocrx_word' id='word_1_320' title='bbox 924 3451 1046 3531; x_wconf 91' lang='lat' dir='ltr'><strong>quidem</strong></span> <span class='ocrx_word' id='word_1_321' title='bbox 1070 3471 1137 3510; x_wconf 86' lang='lat' dir='ltr'><strong>eam</strong></span> <span class='ocrx_word' id='word_1_322' title='bbox 1151 3451 1236 3510; x_wconf 84' lang='lat' dir='ltr'><strong>duxit</strong></span> <span class='ocrx_word' id='word_1_323' title='bbox 1266 3521 1268 3530; x_wconf 49' lang='lat'>.</span> 
     </span>
     <span class='ocr_line' id='line_1_38' title="bbox 174 3447 1302 3619; baseline 0.002 -28"><span class='ocrx_word' id='word_1_324' title='bbox 174 3533 288 3593; x_wconf 89' lang='lat' dir='ltr'><strong>obitum</strong></span> <span class='ocrx_word' id='word_1_325' title='bbox 311 3540 405 3616; x_wconf 88' lang='lat' dir='ltr'><strong>patris</strong></span> <span class='ocrx_word' id='word_1_326' title='bbox 426 3539 473 3598; x_wconf 88' lang='lat' dir='ltr'><strong>sui</strong></span> <span class='ocrx_word' id='word_1_327' title='bbox 494 3538 666 3616; x_wconf 68' lang='lat' dir='ltr'><strong>Michaelis3</strong></span> <span class='ocrx_word' id='word_1_328' title='bbox 690 3540 743 3619; x_wconf 90' lang='lat' dir='ltr'><strong>qui</strong></span> <span class='ocrx_word' id='word_1_329' title='bbox 763 3539 825 3598; x_wconf 83' lang='lat' dir='ltr'><strong>lilio</strong></span> <span class='ocrx_word' id='word_1_330' title='bbox 849 3537 1021 3596; x_wconf 79' lang='lat' dir='ltr'><strong>Andronico</strong></span> <span class='ocrx_word' id='word_1_331' title='bbox 1042 3536 1105 3594; x_wconf 85' lang='lat' dir='ltr'><strong>iam</strong></span> <span class='ocrx_word' id='word_1_332' title='bbox 1128 3547 1201 3596; x_wconf 87' lang='lat' dir='ltr'><strong>nato</strong></span> <span class='ocrx_word' id='word_1_333' title='bbox 1221 3447 1302 3612; x_wconf 46' lang='lat' dir='ltr'><strong>inm</strong></span> 
     </span>
     <span class='ocr_line' id='line_1_39' title="bbox 171 3614 1298 3705; baseline 0.003 -27"><span class='ocrx_word' id='word_1_334' title='bbox 171 3637 241 3678; x_wconf 86' lang='lat' dir='ltr'><strong>rare</strong></span> <span class='ocrx_word' id='word_1_335' title='bbox 262 3634 417 3702; x_wconf 88' lang='lat' dir='ltr'><strong>coeperat,</strong></span> <span class='ocrx_word' id='word_1_336' title='bbox 439 3624 658 3705; x_wconf 86' lang='lat' dir='ltr'><strong>imperavitque</strong></span> <span class='ocrx_word' id='word_1_337' title='bbox 680 3646 773 3684; x_wconf 86' lang='lat' dir='ltr'><strong>annos</strong></span> <span class='ocrx_word' id='word_1_338' title='bbox 794 3624 903 3686; x_wconf 88' lang='lat' dir='ltr'>XXIV.</span> <span class='ocrx_word' id='word_1_339' title='bbox 925 3633 961 3684; x_wconf 90' lang='lat' dir='ltr'><strong>ut</strong></span> <span class='ocrx_word' id='word_1_340' title='bbox 982 3631 1101 3682; x_wconf 89' lang='lat' dir='ltr'><strong>constat</strong></span> <span class='ocrx_word' id='word_1_341' title='bbox 1123 3614 1298 3682; x_wconf 65' lang='lat' dir='ltr'><strong>eranistae</strong></span> 
     </span>
     <span class='ocr_line' id='line_1_40' title="bbox 171 3709 1288 3789; baseline 0.009 -28"><span class='ocrx_word' id='word_1_342' title='bbox 171 3713 344 3784; x_wconf 75' lang='lat' dir='ltr'><strong>pecatorum</strong></span> <span class='ocrx_word' id='word_1_343' title='bbox 366 3709 586 3789; x_wconf 85' lang='lat' dir='ltr'><strong>chronologica.</strong></span> <span class='ocrx_word' id='word_1_344' title='bbox 613 3730 730 3772; x_wconf 77' lang='lat' dir='ltr'><strong>norvia.</strong></span> <span class='ocrx_word' id='word_1_345' title='bbox 1287 3775 1288 3778; x_wconf 49' lang='lat'>,</span> 
     </span>
     <span class='ocr_line' id='line_1_41' title="bbox 258 3779 1297 3878; baseline -0.012 -18"><span class='ocrx_word' id='word_1_346' title='bbox 258 3794 328 3873; x_wconf 72' lang='lat' dir='ltr'>Pssg·</span> <span class='ocrx_word' id='word_1_347' title='bbox 344 3798 415 3872; x_wconf 89' lang='lat'><strong>168,</strong></span> <span class='ocrx_word' id='word_1_348' title='bbox 431 3796 480 3861; x_wconf 82' lang='lat'><strong>15.</strong></span> <span class='ocrx_word' id='word_1_349' title='bbox 507 3791 591 3860; x_wconf 76' lang='grc' dir='ltr'><strong><em>Ἐπελ</em></strong></span> <span class='ocrx_word' id='word_1_350' title='bbox 605 3791 636 3859; x_wconf 83' lang='lat' dir='ltr'><strong>‹l&#39;</strong></span> <span class='ocrx_word' id='word_1_351' title='bbox 652 3791 772 3878; x_wconf 72' lang='grc' dir='ltr'><strong>ὥσπερ]</strong></span> <span class='ocrx_word' id='word_1_352' title='bbox 798 3793 974 3874; x_wconf 84' lang='lat' dir='ltr'><strong>Pachymer.</strong></span> <span class='ocrx_word' id='word_1_353' title='bbox 995 3790 1135 3853; x_wconf 87' lang='lat' dir='ltr'><strong>lib.v11.</strong></span> <span class='ocrx_word' id='word_1_354' title='bbox 1156 3810 1219 3873; x_wconf 85' lang='lat' dir='ltr'><strong>cap.</strong></span> <span class='ocrx_word' id='word_1_355' title='bbox 1235 3779 1297 3848; x_wconf 74' lang='lat' dir='ltr'><strong>XII·</strong></span> 
     </span>
     <span class='ocr_line' id='line_1_42' title="bbox 170 3894 1235 3936; baseline 0.002 -3"><span class='ocrx_word' id='word_1_356' title='bbox 170 3894 303 3936; x_wconf 74' lang='lat' dir='ltr'><strong>nucero.</strong></span> <span class='ocrx_word' id='word_1_357' title='bbox 1231 3907 1235 3913; x_wconf 32' lang='grc' dir='ltr'><strong><em>τ</em></strong></span> 
     </span>
     <span class='ocr_line' id='line_1_43' title="bbox 258 3955 1297 4045; baseline -0.01 -16"><span class='ocrx_word' id='word_1_358' title='bbox 258 3965 331 4043; x_wconf 70' lang='lat' dir='ltr'><strong>Pag-</strong></span> <span class='ocrx_word' id='word_1_359' title='bbox 355 3966 431 4040; x_wconf 84' lang='lat'><strong>169,</strong></span> <span class='ocrx_word' id='word_1_360' title='bbox 452 3970 482 4031; x_wconf 76' lang='lat'><strong>2.</strong></span> <span class='ocrx_word' id='word_1_361' title='bbox 518 3966 596 4043; x_wconf 78' lang='grc' dir='ltr'><strong><em>Περί</em></strong></span> <span class='ocrx_word' id='word_1_362' title='bbox 615 3987 676 4027; x_wconf 80' lang='lat' dir='ltr'><strong>noo</strong></span> <span class='ocrx_word' id='word_1_363' title='bbox 699 3959 771 4038; x_wconf 73' lang='grc' dir='ltr'><strong>τούς</strong></span> <span class='ocrx_word' id='word_1_364' title='bbox 791 3958 949 4045; x_wconf 74' lang='grc' dir='ltr'><strong><em>πρόποδας</em></strong></span> <span class='ocrx_word' id='word_1_365' title='bbox 970 3965 1028 4026; x_wconf 77' lang='grc' dir='ltr'><strong>τοῦ</strong></span> <span class='ocrx_word' id='word_1_366' title='bbox 1048 3955 1220 4042; x_wconf 72' lang='grc' dir='ltr'><strong>Ὀλύμπου]</strong></span> <span class='ocrx_word' id='word_1_367' title='bbox 1237 3955 1297 4018; x_wconf 73' lang='lat' dir='ltr'><strong>I&#39;fl·</strong></span> 
     </span>
     <span class='ocr_line' id='line_1_44' title="bbox 171 4037 1330 4129; baseline 0.006 -24"><span class='ocrx_word' id='word_1_368' title='bbox 171 4065 234 4105; x_wconf 87' lang='lat' dir='ltr'><strong>sam</strong></span> <span class='ocrx_word' id='word_1_369' title='bbox 257 4049 355 4127; x_wconf 90' lang='lat' dir='ltr'><strong>primo</strong></span> <span class='ocrx_word' id='word_1_370' title='bbox 377 4050 540 4129; x_wconf 81' lang='lat' dir='ltr'><strong>relegatum</strong></span> <span class='ocrx_word' id='word_1_371' title='bbox 562 4051 692 4111; x_wconf 89' lang='lat' dir='ltr'><strong>Veccum</strong></span> <span class='ocrx_word' id='word_1_372' title='bbox 715 4049 821 4110; x_wconf 88' lang='lat' dir='ltr'><strong>scribit</strong></span> <span class='ocrx_word' id='word_1_373' title='bbox 834 4048 1012 4128; x_wconf 88' lang='lat' dir='ltr'><strong>Pachymer.</strong></span> <span class='ocrx_word' id='word_1_374' title='bbox 1029 4048 1083 4108; x_wconf 75' lang='lat' dir='ltr'><strong>hh.</strong></span> <span class='ocrx_word' id='word_1_375' title='bbox 1101 4047 1167 4108; x_wconf 81' lang='lat' dir='ltr'><strong>VIL</strong></span> <span class='ocrx_word' id='word_1_376' title='bbox 1182 4037 1297 4126; x_wconf 63' lang='lat' dir='ltr'><strong>cap-¹¹·</strong></span> <span class='ocrx_word' id='word_1_377' title='bbox 1329 4109 1330 4112; x_wconf 74' lang='grc'><strong>,</strong></span> 
     </span>
     <span class='ocr_line' id='line_1_45' title="bbox 170 4128 1333 4216; baseline 0.009 -28"><span class='ocrx_word' id='word_1_378' title='bbox 170 4129 365 4213; x_wconf 88' lang='lat' dir='ltr'><strong>deindepost</strong></span> <span class='ocrx_word' id='word_1_379' title='bbox 379 4132 439 4194; x_wconf 91' lang='lat' dir='ltr'><strong>hoc</strong></span> <span class='ocrx_word' id='word_1_380' title='bbox 457 4136 660 4215; x_wconf 87' lang='lat' dir='ltr'><strong>colloquium,</strong></span> <span class='ocrx_word' id='word_1_381' title='bbox 683 4136 717 4195; x_wconf 90' lang='lat' dir='ltr'><strong>in</strong></span> <span class='ocrx_word' id='word_1_382' title='bbox 735 4156 834 4196; x_wconf 87' lang='lat' dir='ltr'><strong>arcem</strong></span> <span class='ocrx_word' id='word_1_383' title='bbox 850 4157 868 4195; x_wconf 87' lang='lat' dir='ltr'><strong>a</strong></span> <span class='ocrx_word' id='word_1_384' title='bbox 883 4133 998 4196; x_wconf 82' lang='lat' dir='ltr'><strong>dextris</strong></span> <span class='ocrx_word' id='word_1_385' title='bbox 1013 4131 1200 4214; x_wconf 77' lang='lat' dir='ltr'><strong>ingredienti</strong></span> <span class='ocrx_word' id='word_1_386' title='bbox 1216 4128 1297 4198; x_wconf 60' lang='grc' dir='ltr'><strong>ἑῌ</strong></span> <span class='ocrx_word' id='word_1_387' title='bbox 1330 4182 1333 4216; x_wconf 68' lang='lat'>3</span> 
     </span>
     <span class='ocr_line' id='line_1_46' title="bbox 168 4204 1335 4303; baseline 0.011 -29"><span class='ocrx_word' id='word_1_388' title='bbox 168 4214 367 4292; x_wconf 71' lang='lat' dir='ltr'><strong>Actaeorum,</strong></span> <span class='ocrx_word' id='word_1_389' title='bbox 398 4220 449 4280; x_wconf 90' lang='lat' dir='ltr'><strong>cui</strong></span> <span class='ocrx_word' id='word_1_390' title='bbox 474 4240 584 4280; x_wconf 87' lang='lat' dir='ltr'><strong>nomen</strong></span> <span class='ocrx_word' id='word_1_391' title='bbox 604 4243 622 4281; x_wconf 87' lang='lat' dir='ltr'><strong>a</strong></span> <span class='ocrx_word' id='word_1_392' title='bbox 644 4224 675 4284; x_wconf 84' lang='lat' dir='ltr'><strong>S.</strong></span> <span class='ocrx_word' id='word_1_393' title='bbox 698 4221 843 4301; x_wconf 85' lang='lat' dir='ltr'><strong>Gregorio</strong></span> <span class='ocrx_word' id='word_1_394' title='bbox 871 4230 944 4281; x_wconf 80' lang='lat' dir='ltr'><strong>erat.</strong></span> <span class='ocrx_word' id='word_1_395' title='bbox 990 4219 1076 4282; x_wconf 84' lang='lat' dir='ltr'><strong>Idem</strong></span> <span class='ocrx_word' id='word_1_396' title='bbox 1105 4240 1172 4303; x_wconf 83' lang='lat' dir='ltr'><strong>esp·</strong></span> <span class='ocrx_word' id='word_1_397' title='bbox 1191 4204 1297 4299; x_wconf 54' lang='grc' dir='ltr'><strong>ΧΨ*</strong></span> <span class='ocrx_word' id='word_1_398' title='bbox 1331 4284 1335 4289; x_wconf 74' lang='grc'><strong>,</strong></span> 
     </span>
     <span class='ocr_line' id='line_1_47' title="bbox 167 4301 1296 4397; baseline 0.007 -37"><span class='ocrx_word' id='word_1_399' title='bbox 167 4309 245 4362; x_wconf 74' lang='lat' dir='ltr'><strong>eutr.</strong></span> <span class='ocrx_word' id='word_1_400' title='bbox 277 4304 445 4367; x_wconf 84' lang='lat' dir='ltr'><strong>Accusatus</strong></span> <span class='ocrx_word' id='word_1_401' title='bbox 471 4315 572 4367; x_wconf 87' lang='lat' dir='ltr'><strong>autem</strong></span> <span class='ocrx_word' id='word_1_402' title='bbox 589 4307 660 4397; x_wconf 20' lang='lat' dir='ltr'><strong>‘fuit</strong></span> <span class='ocrx_word' id='word_1_403' title='bbox 685 4308 742 4368; x_wconf 86' lang='lat' dir='ltr'><strong>suh</strong></span> <span class='ocrx_word' id='word_1_404' title='bbox 768 4325 899 4368; x_wconf 86' lang='lat' dir='ltr'><strong>mensem</strong></span> <span class='ocrx_word' id='word_1_405' title='bbox 930 4305 1022 4368; x_wconf 63' lang='lat' dir='ltr'><strong>febr.</strong></span> <span class='ocrx_word' id='word_1_406' title='bbox 1053 4304 1121 4370; x_wconf 82' lang='lat' dir='ltr'>VII.</span> <span class='ocrx_word' id='word_1_407' title='bbox 1146 4301 1245 4367; x_wconf 65' lang='lat' dir='ltr'><strong>iudid-</strong></span> <span class='ocrx_word' id='word_1_408' title='bbox 1265 4302 1296 4357; x_wconf 61' lang='lat'>⁸</span> 
     </span>
    </p>
   </div>
   <div class='ocr_carea' id='block_1_5' title="bbox 0 0 1366 4778">
    <p class='ocr_par' dir='ltr' id='par_1_5' title="bbox 0 0 1366 4778">
     <span class='ocr_line' id='line_1_48' title="bbox 0 0 1366 4778; baseline 0 5"><span class='ocrx_word' id='word_1_409' title='bbox 0 0 1366 4778; x_wconf 95' lang='lat' dir='ltr'><strong> </strong></span> 
     </span>
    </p>
   </div>
  </div>
 </body>
</html>
