2700 5092
285 297 519 369 flammae
539 296 815 368 ernanuman
840 295 913 366 xn.
933 308 964 370 α
1102 251 1180 365 ni

86 467 155 553 πρὸς
169 465 210 532 τά
223 464 368 549 βασίλεια
385 462 442 548 τὴν
460 463 607 548 ταχίστην
627 459 777 550 είοῆνεγκί
799 489 832 529 τε
858 465 909 529 καί
928 461 985 548 τὴν
1004 458 1180 551 προσήκου-
1196 471 1226 524 λ.
1242 475 1269 524 c.
1280 472 1346 528 1341

86 597 139 637 σαν
157 574 239 655 περὶ-
252 567 348 634 αάτδν
376 569 566 655 δορυφορίαν
592 566 772 651 συνέστησε,
805 573 910 632 πάσαν
931 577 997 644 τοῖς
1015 543 1348 667 βασιλείοιςῐᾚζξὼ

87 672 252 761 ἀσφάλειαν
279 666 484 757 πορισάμενος
508 667 729 753 πανταχόθεν,
771 671 872 746 δείσας
893 667 937 755 μή
961 695 991 734 τι
1011 667 1103 758 πάθῃ
1118 677 1211 737 τῶνΒ

86 774 243 859 ἀδοκήτων
256 776 289 852 ίξ
306 775 458 859 ἀφανοῦς,
485 770 536 840 οία
550 770 695 848 πολλάκις
711 773 744 838 έν
758 784 823 849 ταῖς
842 770 992 849 τοιούτοις
1008 776 1181 857 συμβαίνει.

89 876 156 968 (Β.)
179 879 301 967 Ἀλεξίῳ
315 877 349 942 δέ
368 883 412 966 τῷ
423 872 602 967 Ἀποκαύκεμ
611 925 622 959 ,
651 874 668 943 ὃ
683 873 830 953 πολλάκις
852 875 1074 963 έπιχειρήσαντι
1087 877 1185 966 πέρας

85 982 138 1048 ode
161 974 202 1064 ἦν
228 987 285 1065 τῆς
314 980 442 1064 μελέτης
464 985 590 1064 λαβεῖν,
618 980 669 1045 καί
688 986 745 1046 νύν
763 979 883 1061 ἀμελεῖν
902 980 957 1046 ούκ
978 981 1050 1065 ένῇν
1074 980 1181 1048 αὐτοῦ.

84 1081 228 1161 πολλάκις
241 1085 300 1171 γάρ
316 1085 359 1158 τίς
375 1084 508 1149 ίπίνοιαν
525 1079 686 1167 ίληλύθει,
712 1080 865 1170 φονεύσας
886 1083 940 1149 τὸν
970 1083 1100 1166 βασιλέα
1132 1086 1185 1151 καλ

86 1187 146 1270 άμα
162 1187 250 1276 αύτῷ
262 1187 521 1271 Καντακουζηνδν
527 1235 538 1267 ,
556 1184 649 1274 ἑτέρην
663 1191 830 1271 παρασχεῖν
843 1187 879 1251 τὸ
894 1185 1185 1274 βασίλειανπεριζοί-

85 1287 347 1376 σασθαικράτος,
375 1288 396 1374 ἢ
418 1296 463 1380 τῷ
490 1292 567 1379 θείῳ
582 1295 641 1356 τού
660 1289 811 1373 βασιλέως
830 1292 1056 1380 Κωνσταντίνιμ
1070 1298 1115 1380 τῷ
1133 1292 1214 1364 tle-c

55 1393 204 1481 ίοοτιότη,
234 1393 254 1478 ἢ
281 1389 455 1481 Συργιάννη
478 1399 523 1481 τῷ
540 1391 806 1483 πολυτροπεοτάτῳ
833 1396 884 1459 καί
903 1396 1108 1484 παραπλησίῳ
1128 1394 1185 1479 τὴν

87 1495 205 1564 σύνεσιν
219 1499 271 1562 καί
296 1496 354 1580 τὴν
376 1503 432 1580 τῆς
452 1494 576 1583 γνάμης
594 1494 776 1584 έμβρίθειάν
798 1522 831 1563 τε
854 1499 905 1562 καλ
919 1495 1061 1582 ὀξύτητα.
1089 1496 1187 1573 δεινός

86 1601 142 1687 γάρ
163 1598 277 1684 ὁμοίως
295 1599 406 1688 ἐκείνῳ.
418 1602 469 1666 καί
487 1599 581 1677 odric
603 1602 635 1665 έν
650 1610 715 1677 τοῖς
732 1603 958 1686 κατεπείγουσιν
971 1593 1009 1687 ἦν
1026 1601 1186 1685 ἐπινοῆσαι

87 1705 124 1770 τά
142 1712 183 1791 τῇ
201 1706 293 1795 χρείη
322 1695 500 1790 κατάλληλα
532 1706 584 1769 καλ
610 1700 706 1791 πόρον
740 1703 811 1783 ὀξύς
839 1714 906 1780 ταῖς
931 1701 1059 1791 ἀπόροις
1077 1700 1185 1792 εάρεῖν,

88 1806 172 1893 δλίγα
184 1808 242 1891 μὲν
258 1803 439 1891 καθεύδων,
468 1806 648 1874 τὰπλεῖστα
665 1807 699 1873 δ’
717 1808 898 1896 έγρηγορολς,
925 1811 976 1873 καί
990 1808 1186 1898 σκεπτομένῳ

53 1910 125 1978 15τά
143 1911 272 1996 μέγιστα
284 1909 391 1986 ίοικώς
410 1914 461 1978 καλ
482 1913 550 1998 περὶ
570 1913 737 1996 μεγίστων,
776 1914 828 1977 καί
850 1913 974 1977 πλείονα
997 1912 1105 1999 καιρὸν
1119 1920 1190 1987 ταῖς

88 2012 263 2099 πράξεσινιῆ
280 2025 346 2090 τοῖς
357 2010 459 2100 λόγοις
472 2013 519 2080 ἀεί
531 2011 746 2103 παρεχόμενος.
774 2017 801 2080 εί
813 2015 848 2080 δέ
865 2015 916 2080 καί
938 2015 1015 2102 πρὸς
1036 2012 1218 2099 ἀλήθειανι)

90 2113 167 2198 λιμοῦ
184 2119 234 2182 καί
248 2114 445 2202 δικαιοσύνην
465 2118 574 2206 ίχρῆτο
600 2127 665 2193 τοῖς
690 2115 921 2203 προτερήμασι,
949 2119 1027 2203 μίγα
1045 2116 1084 2184 ἀν
1103 2117 1192 2196 κλέος

92 2218 185 2294 αάτδς
199 2230 260 2296 τοῖς
270 2217 431 2303 Ῥωμαίων
445 2219 588 2307 ίτύγχανε
597 2216 773 2306 πράγμασιν
787 2219 839 2287 ὤν.
867 2227 922 2285 νῦν
937 2222 972 2285 δέ
985 2220 1058 2285 κατ’
1077 2223 1190 2287 ἐκεῖνον

88 2321 143 2387 τόν
155 2320 347 2408 Ἐπιδαύριον
365 2324 563 2412 Στρατοκλέα
577 2322 714 2408 αὐλητὴς
727 2323 784 2406 μέν
797 2316 837 2408 ἦν
855 2321 993 2407 ἀγαθὸς,
1021 2321 1192 2408 ἅνθρωπος

52 2424 124 2490 tod’
134 2424 190 2491 ούκ
199 2424 331 2512 ἀγαθός.
357 2429 463 2516 γένους
477 2428 537 2516 γάρ
551 2435 615 2494 τῶν
629 2424 749 2505 ἀδόξων
755 2423 903 2513 ύπάρχων
916 2425 949 2491 dx
957 2424 1025 2490 νέου
1039 2427 1089 2490 καί
1104 2427 1193 2519 πενίρι

86 2529 357 2616 συντεθραμμένος
389 2537 444 2597 νῦν
462 2532 519 2615 μέν
546 2528 668 2620 τούτῳ,
696 2536 752 2596 νύν
773 2529 805 2595 d’
829 2530 930 2618 ίκείνῳ
950 2535 1070 2613 μισθοῦ
1086 2532 1193 2596 διακο-

86 2629 230 2716 νούμενος
247 2634 370 2701 διετέλει
385 2634 439 2701 τὸν
458 2631 590 2722 χρόνον·
611 2634 673 2699 κάκ
687 2639 750 2700 τῶν
763 2634 932 2717 ίλαχίστων
944 2634 1078 2715 μείζοσιν
1090 2632 1221 2720 η’ρέμαίλ

86 2747 151 2812 τοῖς
166 2733 331 2814 δεσπόταις
347 2737 521 2822 ἀμοιβαδὸν
538 2733 696 2826 χριόμενος
703 2785 714 2819 ,
742 2739 793 2802 καί
809 2742 904 2803 πᾶσιν
920 2735 1064 2813 άντιδοδς
1075 2736 1117 2801 τά
1127 2738 1194 2820 χεί-

88 2863 197 2926 ριστα,
232 2838 389 2929 προδότης
413 2841 518 2930 σαφὴς
540 2838 787 2926 καθιστάμενος,
822 2839 937 2907 ἔλαθεν
957 2839 1013 2906 οὐκ
1036 2836 1107 2906 olda
1127 2846 1194 2917 πῶς

87 3008 145 3070 ptos
156 3005 343 3074 quamprimum
356 3004 382 3057 in
404 3004 528 3075 palatium
538 3005 686 3071 transtulit,
708 3005 801 3058 idoneo
814 3002 955 3058 satellitum
967 3001 1098 3073 praesidio
1111 3002 1193 3056 muni·

86 3072 142 3136 rit3
159 3074 227 3126 omni
245 3074 358 3142 denique
372 3092 404 3127 ex
418 3084 494 3145 parte
505 3075 688 3143 imperatoriae
705 3075 795 3127 domus
814 3073 949 3126 securitati
965 3073 1107 3136 consuluit,
1125 3072 1195 3125 veri·

86 3148 137 3205 tus,
148 3160 182 3194 ne
197 3142 259 3212 quid
274 3143 402 3211 inopinati
413 3145 501 3196 subito
513 3144 652 3208 accideret,
671 3151 700 3197 ut
712 3144 764 3196 illis
778 3142 936 3212 temporibus
946 3142 1002 3194 lere
1014 3143 1055 3194 fit.
1080 3142 1143 3210 (11.)
1158 3144 1195 3196 nt

86 3209 192 3264 Alexius
204 3215 357 3280 Apocauetts
371 3229 422 3265 non
440 3220 545 3284 poterat
556 3213 584 3266 id
599 3214 741 3282 negligere,
757 3213 825 3282 quod
839 3228 979 3281 aggressus
994 3211 1096 3280 quidem
1115 3228 1195 3281 saepe

86 3289 151 3343 erut,
169 3279 203 3332 ad
218 3281 315 3334 exitum
329 3289 414 3334 eutem
425 3282 569 3351 perducere
582 3300 710 3351 uunquam
724 3288 854 3351 potuerat.
870 3281 909 3333 'Is
921 3281 988 3335 enim
1001 3282 1134 3333 consilium
1149 3298 1194 3334 ce·

87 3357 160 3418 peret
173 3351 243 3402 haud
260 3350 340 3403 semel
352 3349 385 3404 de
397 3358 527 3420 potestate
539 3351 719 3422 imperatoria,
738 3352 783 3404 ubi
796 3351 973 3419 imperatorem
992 3367 1049 3404 cum
1062 3349 1194 3403 (lentaeu-

86 3435 151 3471 seuo
168 3418 323 3482 occidisset,
343 3419 419 3472 alteri
433 3420 590 3485 deferende,
615 3421 671 3473 rire
686 3421 811 3490 despotae
825 3420 1013 3483 Constantino,
1030 3420 1194 3489 imperatoris

85 3498 193 3557 patruo,
216 3488 273 3541 sive
294 3488 451 3558 Syrgienni,
475 3489 532 3543 viro
554 3490 744 3554 versutissimo,
768 3487 812 3558 qui
832 3496 861 3541 et
874 3490 931 3557 ipse
945 3490 1083 3558 quusueo
1099 3490 1195 3543 intelli·

85 3557 188 3624 gentis,
212 3558 288 3627 gravi
310 3558 421 3623 iudicio,
451 3558 560 3612 acerrisn
595 3576 628 3612 ue
647 3560 751 3629 ingenio
770 3558 899 3628 proximus
924 3558 982 3611 suit.
1034 3560 1102 3612 Erat
1127 3560 1193 3614 enim

85 3633 247 3695 Apuoeueus,
263 3627 472 3696 quemadmodum
482 3628 541 3692 ille,
559 3578 637 3683 idione
653 3627 839 3697 angustissimis
855 3627 936 3680 solers
953 3627 981 3680 id
995 3629 1065 3700 quod
1076 3629 1134 3682 usui
1150 3646 1193 3682 ee-

85 3704 129 3747 ret
142 3695 307 3764 excogitare,
325 3705 353 3750 et
366 3695 427 3750 inde
443 3699 568 3766 expedire
586 3717 615 3751 se
630 3698 699 3751 unde
718 3697 894 3752 difficillimum
914 3705 992 3750 esset.
1026 3699 1119 3752 Somno
1135 3705 1194 3751 ute·

83 3765 163 3817 betur
175 3781 262 3833 ptrue,
278 3765 354 3818 homo
368 3767 468 3819 scilieet
481 3767 708 3837 vigilantissimus,
725 3766 861 3837 praeclara
875 3765 1052 3821 meditandae
1067 3768 1100 3820 de
1111 3767 1194 3820 maxi-

84 3833 135 3886 ni·
151 3834 230 3887 rebue
248 3834 403 3888 deliberanti
420 3835 519 3890 similis.
553 3837 616 3890 Plue
634 3837 745 3907 denique
761 3835 884 3905 temporis
901 3836 1002 3905 egendo
1020 3838 1100 3891 debat
1118 3853 1194 3906 quem

83 3901 205 3956 dioeudo.
241 3903 344 3967 Quibus
364 3904 388 3957 si
408 3906 508 3960 eximiis
525 3923 587 3960 sane
606 3906 709 3960 dotibus
730 3907 763 3959 sd
783 3905 920 3959 veritatem
940 3906 1116 3975 iustitiamque
1132 3922 1194 3961 uuus

84 3972 173 4034 inst,
189 3987 309 4041 negutuu
327 3975 386 4043 ipse
405 3975 575 4029 Romanorum
593 3977 672 4029 rebus
684 3976 815 4028 extitisset
829 3985 1009 4029 ornamentum.
1044 3975 1194 4039 Enimvero,

83 4045 116 4092 ut
126 4039 288 4110 Epidenrius
306 4042 351 4094 ille
363 4043 523 4109 Stratocles,
542 4045 641 4097 tibicen
656 4045 757 4116 quidem
773 4050 831 4098 erat
846 4045 942 4109 bonus,
959 4045 1000 4097 vir
1017 4051 1102 4097 eutem
1116 4046 1198 4098 bouus

83 4109 188 4162 nistine
200 4117 267 4163 ent.
302 4111 371 4165 Nam
384 4131 401 4165 e
413 4114 533 4182 pueritia,
552 4132 608 4167 cnm
620 4115 743 4183 ignobilis
757 4115 827 4167 toret
839 4132 936 4183 genere
953 4119 981 4166 et
1002 4115 1029 4167 in
1038 4117 1198 4183 paupertate

83 4177 230 4243 educatus,
245 4178 338 4233 locetis
349 4182 424 4235 modo
440 4183 500 4236 huic
514 4183 588 4237 modo
602 4183 641 4237 illi
653 4184 740 4255 aperie
751 4183 936 4251 victitaremt3
953 4200 1062 4254 cumque
1075 4184 1109 4236 ab
1123 4182 1199 4235 mini·

83 4247 136 4328 1ιρ
146 4245 184 4300 ed
196 4246 306 4303 umores
321 4251 416 4305 senaim
436 4253 613 4322 gradatimque
630 4253 746 4307 dominor
758 4253 936 4322 pervenisset,
953 4271 1018 4323 quos
1032 4271 1119 4307 omues
1128 4269 1198 4322 pes-

83 4333 152 4371 τωο
166 4319 352 4387 merant,
368 4321 519 4378 manifestae
536 4340 627 4394 nempe
642 4340 729 4378 eurum
742 4321 875 4394 proditor,
890 4322 918 4377 in
929 4323 1012 4396 ipsum
1027 4340 1130 4396 quoque
1141 4324 1198 4376 ius·
