2610 5092
225 321 756 396 HISTORIAEBYZANTINAE
776 324 900 402 XX.1.
1025 317 1101 396 957
1215 323 1219 327 ⁴

9 485 72 572 nspl
92 480 270 575 χρωμάτων
290 486 395 576 ἤριζον
422 495 480 573 τῆς
501 487 563 556 ἀνδ
581 499 688 577 χεῖρας
708 487 836 578 κρόκης,
863 491 994 571 ἕκαστος
1019 490 1098 580 ἀλη-
1115 503 1262 560 A.c.1³51

9 584 102 656 θιύειν
119 587 260 674 οἰόμενος
278 588 298 674 ἢ
319 591 398 657 nord
414 590 542 670 πάντας.
570 591 655 676 οἶμαι
669 592 708 660 ἀν
721 591 824 662 πιόντα
836 595 906 663 τινά
923 602 986 664 τῶν
1000 575 1264 697 &polo-'l'fflfgl‘

13 716 66 758 των
77 690 196 779 θρήνου
213 697 264 759 καλ
280 694 412 779 γέλωτος
426 697 581 783 ελληρέναι
595 696 733 774 σπονδὰς
744 699 777 763 ἐν
791 705 899 786 ψυχῇ,
922 702 973 766 καλ
987 703 1101 786 Δημο-

20 795 125 879 κρίτους
142 793 210 880 ἅμα
232 799 284 862 καλ
300 793 518 882 Ἡρακλείτους
534 803 633 866 δοκεῖν
646 800 787 868 ἐνταῦθα
801 804 1022 886 συνημμένους.
1053 804 1102 881 τίς

9 897 66 983 ὅγύρ
77 896 128 964 οὐκ
141 897 180 964 ἀν
192 900 322 976 ἐκείνους
336 898 507 987 ἐθρήνησε,
536 909 593 987 τῆς
606 909 667 969 τῶν
680 900 829 987 ὀμμάτων
844 903 943 982 οὕτως
955 905 1127 992 &upote-c

24 1000 110 1082 γένους
123 1000 221 1088 αὐγῆς
235 1003 290 1068 τδν
305 1001 428 1069 ἅπαντα
443 1008 533 1088 βίους
558 1008 606 1082 τίς
621 1005 653 1070 δ’
669 1006 725 1072 οὐκ
740 1005 779 1071 ἀν
793 1006 830 1084 roi
845 1003 1015 1094 Σαρδόνιον
1029 1010 1100 1076 έπε-

25 1101 118 1186 γιλασε,
133 1109 204 1193 περὶ
215 1096 259 1172 ὧν
272 1104 329 1172 οὐκ
340 1106 425 1174 λ’σασι
442 1109 749 1193 διαπληκτιζομένους
763 1108 834 1196 ἀρτι
847 1107 950 1196 δρῶνς
976 1109 1061 1194 ὅμως
1074 1113 1102 1178 ελ

27 1205 101 1287 δοκεῖ,
126 1214 184 1293 τῆς
207 1205 392 1293 ἐπιπλήξεως
414 1211 525 1297 μικρόν
546 1211 738 1299 καθυφέντες
757 1209 988 1299 θεωρήσωμεν,
1020 1212 1041 1279 ἀ
1066 1239 1101 1280 τε

27 1308 83 1392 πρὸς
95 1308 297 1398 ἀπαγόρευσιν
309 1309 384 1396 ἡμῖν
398 1321 455 1378 rori
471 1320 629 1399 θεολογεῖν
637 1311 830 1382 ἐπιτάττουσι
845 1317 896 1381 καλ
910 1314 931 1382 ἀ
944 1322 1103 1402 θεολογεῖν

9 1412 62 1473 isui
73 1418 111 1497 πῆ
122 1415 174 1479 καλ
189 1412 274 1491 ὅπως
289 1414 327 1499 δὴ
344 1416 580 1499 συμπέπτωκεν·
609 1415 652 1495 ὥς
666 1415 706 1483 ἀν
725 1416 890 1485 κάνταῦθα
912 1415 1036 1506 ῥυθμός
1055 1444 1102 1496 τις

24 1503 92 1600 ixei
109 1516 255 1600 θεμῦιος
273 1516 415 1596 εὐταξίας
429 1517 446 1586 ὁ
461 1519 502 1586 τύ
518 1526 577 1604 τῆς
590 1518 729 1605 γλώττης
747 1519 1002 1606 περιζωννόμενυς
1023 1528 1132 1606 στῆ-1)

24 1639 101 1703 κτρα,
123 1621 175 1685 καλ
195 1619 240 1704 μὴ
261 1619 440 1689 τούναντίον
463 1622 565 1689 κανὼν
588 1624 645 1706 μέν
673 1622 835 1707 εὐβουλίας
859 1617 1101 1712 ἀκανόνιστοςῇ

24 1723 178 1806 φιλοτιμία,
201 1722 321 1805 θεσμός
343 1723 374 1790 δ’
398 1724 570 1812 εὐκαιρίας,
606 1724 746 1812 ἀθεσμος
773 1726 908 1812 ἀκαιρία.
951 1725 1012 1812 ὅπη
1040 1726 1100 1815 γάρ

26 1826 160 1908 φιλοτιμία
184 1823 337 1913 τρόφιμος
360 1826 525 1911 ἀβουλίας,
553 1827 605 1894 διὰ
628 1837 737 1912 μυχῶν
758 1829 901 1916 ἀκαιρίας
922 1834 1098 1917 δραμοῦσα,

9 1925 71 1990 irois
87 1925 165 2015 όρων
188 1926 385 2016 καταχορεύει
402 1938 459 2016 τῆς
473 1931 630 2011 εὐταξίας,
658 1933 722 1997 ἐκεῖ
734 1935 785 1999 καλ
800 1934 896 2019 πέρας
916 1933 1102 2000 ἀκολουθεῖν
1132 1936 1135 1941 ’

26 2038 76 2106 ταῖς
85 2038 144 2097 τῶν
156 2027 295 2118 πράξεων
310 2034 489 2117 ἐπιβουλαῖς
504 2031 827 2121 ἀντιστρατευόμενον,
842 2040 893 2102 καὶ
906 2033 993 2119 μάλα
1005 2037 1041 2121 γέ
1052 2063 1101 2102 τοι

29 2136 72 2196 τόν
86 2130 215 2201 ιλκότων.
250 2142 373 2221 πρῶτος
391 2139 448 2220 μέν
474 2129 529 2203 οὐν
542 2134 559 2204 ό
574 2137 672 2213 πολύς
686 2138 719 2204 ἐν
739 2140 914 2223 θεολογίαις
933 2143 962 2203 Γ
960 2136 1101 2224 ρηγόριος

27 2241 152 2303 τοσοῦτον
172 2236 333 2330 ἀποδειλιᾷ
354 2239 434 2326 πρδς
456 2240 622 2326 θεολογίαν
640 2238 699 2324 τὴν
720 2246 860 2326 γλῶτταν
883 2250 990 2322 κινεῖν,
1024 2238 1132 2311 ὅσονΙλ

27 2336 67 2420 τόν
80 2349 167 2430 χεῖρα
187 2339 267 2424 πρὸς
286 2338 388 2429 φλόγα
410 2339 527 2430 πυρός·
558 2339 601 2420 ὥς
622 2345 673 2409 καλ
697 2343 831 2420 πολλούς
852 2346 895 2420 είς
916 2336 1102 2428 παραίτησιν

9 2436 113 2525 ’λόγους
135 2441 372 2529 προβάλλεσθαι
383 2494 394 2527 ,
427 2447 460 2511 έν
483 2442 529 2524 οἷς
553 2443 631 2512 οὐθ’
655 2441 766 2513 ἔαυτόν
786 2447 925 2532 ἐγχειρεῖν
944 2455 1010 2522 τοῖς
1032 2448 1103 2533 περλ

25 2545 85 2610 θεοῦ
95 2547 262 2634 προχείρως
275 2549 382 2615 δίδωσι
395 2544 513 2634 λόγοις,
540 2546 617 2615 οὐθ’
639 2538 665 2638 ᾧ
680 2548 826 2636 θρασέως
843 2551 982 2634 ἐγχειρεῖν
997 2545 1036 2613 ἀν
1050 2547 1101 2633 γέ

24 2668 89 2713 νοιτο
102 2649 320 2734 ἀποδέχεσθαι.
347 2640 512 2738 ,,οὐ’τεγύρ
531 2651 717 2732 ἐπαινετδς”,
729 2655 816 2738 φησὶ,
831 2649 874 2732 „d
892 2649 1004 2728 πόθος·
1019 2650 1100 2717 ἀλλά

28 2753 63 2813 sol
73 2751 203 2839 φοβερόν
219 2753 255 2819 τὸ
271 2755 465 2841 ἐγχείρημα.”
491 2750 601 2841 ελσάγει
620 2754 654 2821 δέ
668 2757 719 2821 καὶ
730 2754 819 2837 Ὀζᾶν
835 2755 964 2838 ἐκεῖνον,
988 2752 1023 2833 ὃς
1043 2759 1100 2840 τῆς

76 2901 113 2960 ιο.
127 2895 271 2972 erpone
284 2899 352 2955 eon
363 2898 438 2955 σοι.

29 3009 133 3086 dour,
149 3036 214 3073 rere
224 3017 351 3091 quisque,
368 3018 449 3089 magis
465 3034 541 3089 quam
554 3023 672 3074 coeteros
689 3035 791 3085 omnes,
809 3015 896 3073 dlesre
917 3036 946 3073 se
966 3016 1100 3072 arbitratio

30 3087 77 3208 al
100 3088 219 3171 quisquis
245 3088 356 3171 viderit,
382 3089 422 3171 is,
437 3099 486 3174 ‘ut
512 3087 619 3172 opinor,
644 3090 776 3173 risumet
800 3089 912 3152 luctum,
926 3087 1014 3172 ‘reiut
1043 3087 1101 3139 ioe·
1168 3108 1173 3119 ·

91 3165 217 3221 semotos,
239 3174 323 3210 animo
345 3164 490 3226 concipiat,
512 3157 599 3210 ntlb1
620 3158 761 3211 Democriti
782 3165 809 3212 et
830 3156 1002 3211 Heraclitum
1025 3171 1101 3208 unum

27 3223 129 3281 minim
140 3227 286 3280 videantur.
320 3227 419 3297 Ecquis
437 3226 503 3279 enim
523 3226 655 3280 istosnon
674 3227 784 3292 defleat,
802 3225 933 3279 oculorum
945 3225 1040 3277 lumina
1053 3240 1102 3293 per

10 3302 102 3348 Ιοαιι
112 3296 193 3349 vitam
207 3295 246 3349 sio
263 3295 425 3349 destitutos?
447 3295 547 3365 Ecquis
564 3312 655 3348 rursus
668 3296 820 3349 sardonium
839 3294 917 3348 risum
936 3301 1039 3357 teneat,
1074 3291 1101 3345 ui

9 3362 108 3438 {tndem
121 3381 187 3418 nunc
199 3372 289 3419 cernat
300 3363 333 3418 de
348 3364 381 3418 iis
393 3366 489 3429 rebus,
508 3381 573 3433 quas
584 3365 720 3433 ignorant,
732 3365 800 3417 inter
816 3383 844 3417 se
858 3362 1017 3433 digladiarii
1070 3378 1100 3414 os

11 3429 104 3497 insa,
122 3433 274 3498 siridetur,
296 3433 372 3503 paulo
390 3434 475 3488 minus
485 3434 710 3502 obstupescentes,
733 3433 941 3496 consideremus,
964 3440 1018 3484 tum
1032 3447 1101 3499 quaa

9 3503 91 3567 ιζῦιοῦ
108 3503 201 3556 Patres
222 3502 255 3555 de
274 3502 397 3556 cavendis
413 3502 567 3570 theologicis
588 3502 805 3571 disputationibus
829 3501 903 3554 uobis
924 3499 1102 3571 praeeipiaut3

9 3558 65 3637 istu
75 3587 153 3640 quae,
171 3579 199 3625 et
211 3569 274 3635 ubi,
291 3578 319 3624 et
329 3572 454 3640 quomodo
468 3570 545 3624 iidem
559 3570 592 3623 de
605 3571 662 3623 Deo
677 3571 878 3641 dispulurerintr
895 3578 927 3623 ut
944 3568 987 3622 irie
998 3584 1101 3651 quoque

9 3633 112 3694 huon
125 3640 211 3723 alique
222 3641 258 3692 sit
269 3647 296 3692 et
309 3640 498 3695 fundamentum
516 3640 599 3693 bonae
615 3639 781 3710 discipliuae,
796 3656 848 3723 quo
866 3638 1038 3693 moderandae
1051 3637 1102 3689 lun·
1216 3646 1218 3650 “

9 3695 75 3777 s(aas
86 3711 152 3763 ratio
165 3708 305 3762 innitatur:
322 3726 354 3762 ae
369 3726 419 3762 non
434 3715 525 3762 contra
538 3708 657 3773 eueniat,
674 3716 703 3761 ut
718 3715 746 3762 et
759 3708 821 3761 bonr
839 3707 940 3761 consilii
956 3706 1047 3776 remila
1066 3704 1102 3758 sit

11 3777 109 3832 ssnbiiio
121 3778 197 3832 mullis
211 3778 308 3846 regulis
320 3777 462 3841 adstricta,
480 3784 507 3829 et
520 3776 722 3860 opportunitatis
733 3794 820 3830 nonna
838 3777 964 3830 abnormis
977 3777 1101 3845 importu-

9 3846 81 3910 ¹litas
114 3847 222 3918 Quippe
236 3847 281 3899 ubi
294 3846 400 3901 ambitio
414 3845 600 3914 imprudentiae
618 3845 733 3910 αλοιααιι,
751 3862 799 3929 ρει·
814 3862 934 3899 summum
948 3841 1100 3914 opportuni·

9 3917 68 3972 'aris
79 3918 239 3987 neglectum,
256 3916 316 3969 boni
327 3916 424 3969 ordinis
436 3915 511 3968 linem
524 3922 648 3984 proterve
661 3914 790 3979 transilit,
807 3914 844 3968 ibi
863 3922 891 3968 et
908 3914 993 3967 exitus
1010 3928 1101 3965 eonse-

10 3985 51 4060 ητλ
61 3986 159 4058 primae
176 3984 338 4053 egnenioni
357 3984 500 4038 contrarios
518 3982 593 4037 valde
611 3990 807 4037 consentaneum
826 3992 875 4037 est
909 3983 1011 4035 Primus
1030 3980 1102 4032 Gre-

9 4056 107 4131 gorius,
123 4055 168 4109 ille
180 4029 280 4107 seilicet
293 4055 362 4112 inter
375 4054 510 4120 theologos
521 4051 643 4115 eximius,
659 4052 772 4121 linguam
787 4052 820 4104 ad
840 4050 1001 4118 theologicos
1013 4047 1102 4169 δὶερα-

9 4126 114 4184 mena
127 4123 260 4193 appellere
275 4125 315 4176 oio
329 4123 495 4185 reiormidat‚
512 4129 543 4174 ut
555 4138 656 4174 monum
669 4122 702 4175 sd
719 4123 851 4175 flammam.
886 4117 999 4172 Proinde
1016 4116 1102 4171 mutis

9 4194 88 4254 serbis
104 4212 134 4247 se
144 4199 263 4254 excusat,
280 4193 418 4263 proditque
430 4209 459 4244 se
470 4207 520 4242 non
533 4190 610 4244 facile
623 4189 747 4244 aoeedere
759 4189 792 4265 ad
805 4187 984 4272 disputandum
996 4186 1030 4240 de
1035 4186 1103 4250 Deo,
1148 4191 1153 4202 '

9 4275 24 4324 t
36 4283 96 4330 ess,
108 4261 192 4333 quiid
204 4268 300 4315 temere
312 4262 433 4326 audeant,
447 4259 547 4313 minime
559 4260 661 4330 probat.
686 4260 799 4329 „Neque
811 4255 901 4320 emmss'
917 4255 1011 4327 inquit,
1026 4255 1102 4322 „lau-

9 4336 86 4396 nbile
99 4338 143 4389 sss
153 4328 326 4397 desiderium}
344 4331 390 4386 sed
406 4338 435 4386 et
445 4336 555 4386 conotus
568 4329 626 4400 ipsa
640 4327 815 4384 metuendus.''
836 4326 954 4381 litores
963 4326 1103 4397 exemplum
