2798 4754
473 328 829 412 ANNOTATIONES.
1108 339 1207 415 1235

68 497 248 562 utWolfina
267 519 324 580 per
345 499 568 581 incogitantiam
590 496 697 576 vertit,
726 502 873 585 trigesimo
897 523 987 566 nono.
1028 505 1211 586 Ducangiua,

68 585 129 645 hec
149 585 248 644 Wotfii
272 586 515 666 interpretatione
540 586 703 667 deceptui,
739 606 848 649 annum
870 586 951 649 hunc
974 593 1078 671 posuit
1097 593 1211 654 Christi

67 671 289 734 MCCCXXXI.
307 674 358 752 qui
373 673 432 733 fuit
447 692 541 732 annua
554 672 781 732 tttcccxxvfl.
824 694 941 735 aowin.

149 776 229 854 Peg.
251 771 332 848 885,
355 777 405 839 10.
453 776 520 835 Tan
542 775 638 837 θείων
659 768 803 850 εἰκόνων]
834 775 926 836 latiur
949 776 1151 856 proceaaionia
1171 778 1211 840 ad

67 856 239 917 columnam
262 855 505 938 Porphyreticam
525 858 549 921 1.
576 859 624 920 die
648 859 831 939 Septembria
859 860 994 920 meminit
1017 863 1149 923 Codinua
1172 864 1211 924 de

68 941 131 1007 Off.
155 962 224 1023 cap.
242 942 307 1003 XV.
330 963 361 1002 ιι.
384 948 412 1008 1.
444 943 520 1004 Vide
547 954 634 1005 notae
653 944 692 1004 ad
706 944 880 1006 Alexiadem
900 966 969 1027 pag·
986 951 1058 1015 882.
1081 958 1112 1008 et
1132 950 1211 1009 Con·
1284 940 1313 1010 '.

66 1027 232 1107 atautinop.
246 1026 354 1092 Christ.
368 1027 422 1089 lib.
436 1028 461 1090 1.
477 1037 548 1091 aect.
564 1031 616 1096 24.
632 1051 663 1089 n.
678 1034 708 1096 6.
723 1029 777 1089 ubi
790 1028 872 1092 haud
891 1051 987 1111 pauca
1007 1030 1045 1092 de
1063 1029 1122 1091 hae
1136 1034 1210 1095 Por·
1305 1021 1307 1024 Α

65 1110 227 1194 phyretica
242 1113 389 1190 columna,
411 1134 447 1173 ac
464 1133 552 1173 cruce
570 1115 617 1174 illi
630 1115 779 1196 imponite,
801 1125 831 1177 et
848 1116 1063 1196 Byzantiorum
1078 1118 1117 1179 ad
1132 1117 1210 1180 hanc

64 1200 235 1284 θρησκείᾳ,
256 1218 311 1257 aen
328 1197 481 1279 religione,
495 1200 707 1279 congessimus.
749 1221 879 1261 necaro.

155 1302 228 1379 Pog-
250 1303 328 1375 890,
353 1306 380 1365 1.
426 1300 466 1364 Oi
491 1301 562 1383 περ1
591 1299 645 1366 τόν
673 1301 797 1384 βασιλέα
821 1298 876 1366 τόν
897 1300 970 1366 νέον
998 1296 1208 1386 Ἀνδρόνικον]

63 1381 138 1444 Non
157 1404 248 1444 auaua
267 1384 368 1446 dicere
387 1378 593 1468 Ἀνδρόνικος,
615 1388 693 1449 dixit
708 1389 740 1453 oi
750 1386 821 1471 περὶ
833 1385 885 1453 τὸν
899 1382 1104 1471 Ἀνδρόνικον,
1126 1391 1210 1472 quod

63 1488 102 1530 re
113 1470 181 1549 ipae
195 1469 275 1532 idern
292 1480 346 1532 eet.
388 1491 506 1534 aorrnt.

154 1573 225 1652 Peg.
247 1574 311 1637 890
318 1615 327 1648 ,
348 1576 380 1637 9.
422 1567 603 1655 Μιχάηλον]
625 1574 826 1654 cognomento
840 1575 1073 1655 Straacimirum,
1087 1575 1126 1637 de
1147 1596 1210 1658 quo

63 1653 99 1713 in
117 1654 196 1714 aerie
211 1657 366 1734 Balgariae
383 1678 487 1737 regum
501 1659 615 1738 agimur
631 1680 699 1741 pag.
715 1667 787 1731 323.
827 1681 959 1726 arcano.

155 1760 230 1837 Pssg·
250 1762 314 1826 890
320 1802 329 1835 ,
352 1765 401 1828 18.
443 1757 504 1822 Διά
517 1758 553 1825 τὰ
570 1761 678 1825 νεωστὶ
698 1761 895 1847 γεγενημένον
910 1761 980 1842 neci
994 1757 1122 1843 triventi
1135 1761 1209 1825 Kai-

64 1859 161 1919 σειρος
176 1842 329 1926 θυγατέρα
349 1843 462 1925 κῆδος]
485 1844 609 1925 Propter
630 1846 828 1931 affinitatem,
850 1869 940 1931 quom
965 1870 1031 1908 cum
1053 1869 1086 1907 eo
1109 1843 1210 1908 Grolea

64 1940 285 1997 contraxerat.
301 1925 392 1989 dacto
409 1951 505 1990 uxore
520 1928 598 2013 filio
617 1928 760 1993 Caesarie.
798 1931 843 1992 lta
862 1933 1058 2006 vertendum3
1081 1953 1159 2005 non,
1173 1941 1211 1992 ut

63 2009 208 2087 Wolhua,
227 2028 347 2094 propter
369 2035 465 2073 recena
484 2029 667 2091 contencione
689 2039 756 2077 cum
767 2013 843 2099 filio
865 2012 1006 2078 Goeeoria
1019 2015 1209 2100 affinitatem.

62 2094 141 2154 Nam
163 2097 215 2174 qui
230 2117 358 2158 uxorem
376 2098 474 2174 ducit,
495 2099 523 2158 ia
542 2119 602 2158 non
623 2100 733 2160 dicitur
749 2099 924 2160 affinitatem
943 2120 1011 2160 oum
1028 2121 1124 2161 uxore
1138 2121 1210 2160 con.

62 2177 201 2256 trahere,
222 2182 276 2241 aed
294 2203 363 2242 cum
377 2184 481 2243 uxoria
499 2185 674 2264 parentibaa
695 2194 725 2244 et
743 2186 886 2263 cognatis.
928 2205 1044 2245 νοινιιι.

153 2285 226 2366 Peg·
248 2287 327 2360 890,
349 2288 398 2353 16.
439 2279 507 2348 Ἐπ’
519 2277 652 2374 ἆδελφῇ]
672 2285 841 2349 Theodora.
860 2285 939 2347 Vide
950 2285 1002 2346 lib.
1011 2284 1089 2348 vm.
1099 2305 1168 2367 cap.
1182 2285 1208 2346 1.

63 2374 138 2428 tect
151 2370 182 2433 8.
222 2388 338 2432 aorrrn.

152 2456 224 2534 Peg.
246 2458 322 2531 891,
343 2453 376 2519 4.
416 2448 547 2534 Ἀδιλφῆ
566 2451 599 2518 di
618 2446 659 2534 ἦν
676 2448 771 2537 αὕτη]
792 2443 877 2516 Ne'da
888 2501 897 2531 ,
920 2474 996 2535 quae
1020 2453 1086 2514 aliia
1105 2453 1210 2513 Domi·

61 2535 147 2612 nica,
170 2538 270 2598 Uroaii
288 2540 367 2620 regia
384 2540 505 2600 Serriee
526 2539 597 2609 filia,
619 2539 764 2622 Stephani
779 2541 859 2621 regia
878 2559 974 2602 eoror.
1005 2537 1086 2600 Vide
1101 2538 1209 2600 aeriam

60 2641 169 2701 regum
190 2624 311 2686 Serriae
329 2645 362 2687 n.
377 2624 427 2692 59.
445 2635 475 2686 at
490 2629 541 2691 61.
582 2645 714 2688 oncino.

153 2711 227 2790 rag.
249 2713 330 2786 898,
353 2716 412 2776 17.
447 2711 583 2773 Ainacoe
594 2705 681 2795 κύριε
695 2734 724 2774 ιι.
734 2733 760 2771 τ.
771 2705 815 2793 1.]
833 2705 938 2771 David.
946 2707 1054 2772 Paalm.
1066 2705 1207 2770 XXXIV.

58 2813 95 2856 v.
113 2799 144 2858 1.
171 2794 278 2857 Pealm.
291 2794 393 2854 cvsst.
409 2814 439 2858 r.
453 2799 504 2862 28.
526 2794 595 2857 Iaai.
618 2795 681 2860 eL
698 2816 727 2856 r.
741 2799 771 2860 2.
813 2815 929 2857 actvm.

152 2881 226 2960 Pssg·
248 2877 328 2956 894,
352 2885 401 2944 12.
448 2876 718 2964 Trivaoiiawav]
740 2880 942 2957 Simonidem,
955 2876 1121 2940 Andronici
1136 2876 1208 2956 imp.

57 2984 102 3026 ex
119 2961 204 3024 lrene
220 2964 313 3024 altera
330 2966 456 3043 coniuge
469 2963 569 3040 filiam,
592 2985 749 3047 quaecum
764 2963 913 3025 adlrenea
928 2963 1033 3025 matria
1050 2962 1209 3040 exsequiae

56 3050 354 3129 Conatantinopolim
368 3052 508 3127 venisset,
527 3051 573 3110 uti
587 3059 691 3112 narrat
703 3052 852 3129 Gregorna
866 3051 919 3114 lib.
932 3050 996 3111 VH.
1011 3066 1078 3126 cop.
1093 3051 1155 3121 80,
1169 3045 1208 3104 ud

56 3134 222 3211 corriugem
236 3134 335 3195 redire
349 3142 500 3211 renuerat,
522 3156 540 3195 a
553 3156 615 3216 quo
631 3156 700 3196 cum
716 3155 771 3217 per
790 3136 904 3212 legator
924 3156 941 3196 a
958 3142 1044 3215 petre
1058 3139 1209 3210 repetere·

54 3229 131 3295 tur,
153 3219 266 3299 illaque
283 3240 323 3281 na
339 3219 377 3280 ad
392 3219 522 3281 reditum
540 3230 698 3300 cogeretur
711 3220 920 3280 monachicum
940 3218 1075 3279 hobitum
1093 3214 1209 3274 induis·

55 3313 124 3373 aet,
143 3303 225 3362 illine
242 3304 336 3365 stater
358 3305 597 3384 canaonguineua
613 3305 827 3366 Constantinus
842 3305 972 3384 Despota
992 3303 1127 3361 lacerato
1144 3300 1209 3360 eiua

56 3388 188 3451 cucullo
203 3390 326 3449 invitam
341 3400 371 3450 et
388 3391 558 3471 plorantem
575 3389 614 3450 ad
628 3390 787 3470 coniugem
806 3389 970 3450 remiaarat.
996 3385 1081 3446 Idem
1095 3384 1209 3464 (ἕτερο-
1238 3408 1245 3423 ·

54 3474 404 3556 ω115.11111.οιρ.1.
446 3494 574 3535 ονοινο.

150 3562 224 3639 Peg.
247 3559 324 3635 895,
348 3563 377 3624 8.
417 3553 477 3622 Ἐν
491 3567 547 3624 τοῦ
565 3553 672 3640 Κρᾶλη
689 3557 836 3642 Σερβίνς]
859 3557 1007 3636 Adquam
1021 3555 1130 3617 mirano
1139 3555 1209 3615 cal-

54 3643 174 3708 linicaa
195 3645 310 3724 legatur
326 3644 363 3704 ab
388 3643 563 3708 Andronico
586 3646 716 3708 iuniore.
751 3644 950 3705 Cautacuzen.
970 3642 1024 3704 tib.
1042 3642 1067 3702 1.
1092 3661 1157 3723 cap.
1174 3645 1206 3706 8.

55 3749 193 3791 nnuma.

149 3819 222 3958 Ρσρ.
247 3814 326 3888 895,
349 3819 379 3880 8.
413 3807 705 3897 Ὀσαι1νι1χοὶρτον
724 3811 906 3897 γραφεῖσαι]
930 3811 1011 3872 Dura
1034 3811 1208 3872 chartarum

56 3900 179 3982 speciea
214 3898 243 3958 ic
262 3909 398 3961 recenset
418 3900 582 3980 Gregorio,
605 3900 728 3961 alteram
744 3917 835 3977 quam
852 3894 986 3959 chortam
1005 3907 1111 3971 vocat,
1133 3895 1208 3954 alte·

56 4003 232 4065 tamquam
245 4003 282 4044 ax
297 3984 381 4044 tenui
397 3983 493 4046 linteo
511 3986 680 4047 contectam
698 3982 812 4045 acribit
844 3983 947 4044 Priore
962 4002 1038 4042 voce
1056 3998 1208 4079 papyrum

56 4068 278 4150 Aegyptiacam
302 4069 425 4130 videtur
444 4071 584 4149 innuere,
616 4089 704 4151 quam
730 4068 838 4130 Graeci
860 4066 1043 4129 recentiorea
1063 4067 1208 4145 ξολοχαρ-

57 4177 129 4218 τιον
147 4153 310 4215 vocabant:
335 4155 426 4216 altera
446 4154 582 4217 chartam
603 4176 642 4215 ex
661 4154 757 4215 linteo
781 4153 936 4233 conceptio
957 4163 985 4211 et
1008 4149 1142 4210 contusis
1155 4169 1207 4228 pa·

58 4249 158 4301 ratem
167 4283 176 4313 ,
200 4257 288 4316 quam
303 4234 440 4320 ηόρτινον
453 4237 566 4325 χάρτην
581 4241 697 4304 dicunt.
720 4238 798 4303 vide
813 4238 911 4300 Glora.
933 4236 1011 4299 mad.
1029 4234 1158 4298 Graecit.
1174 4233 1208 4294 iu

58 4324 110 4386 hia
124 4321 264 4388 vocibus.
307 4344 437 4392 nocuo.
