2640 5108
208 631 286 707 696
420 687 422 693 ,
479 636 491 643 ”
509 639 744 712 NICEPHORI
757 639 998 712 ciaconus
1093 690 1095 695 ι

46 821 76 875 A.
90 820 123 875 u.
132 807 307 892 685ὶεχείας
327 800 383 872 τύν
404 803 437 873 τ’
462 805 510 871 lul
532 813 588 873 τοῦ
609 810 786 872 πλινδωτού
798 800 898 883 κιύνυς
912 806 944 872 ds
956 802 1103 898 ὐγγελικῷ
1114 813 1161 898 τῷ
1176 806 1303 895 σχῆματ

79 894 174 982 dnm
204 914 341 995 χαλκοῦν
365 905 535 995 ἀνδριάντα
568 912 619 974 καί
652 907 719 992 ἅμα
739 906 793 974 τδν
810 917 872 975 .τοῦ
899 909 1216 998 προβεβουλευκότος
1239 919 1303 979 Πα

208 1008 370 1098 λαιολύγου
395 1017 436 1099 τῇ
467 1014 523 1103 ,up
551 1011 842 1098 καταγωνισδίντας
860 1018 905 1101 τῷ
932 1014 990 1105 μίν
1011 1015 1061 1079 ἐπί
1083 1015 1225 1102 θατίρου
1249 1024 1303 1083 ταὶ

117 1126 122 1130 ’
181 1116 304 1202 Βώμων
319 1118 478 1182 κεκλίσθαι
492 1114 550 1200 τὴν
562 1116 714 1204 κεφαλὴν,
736 1121 782 1205 τῷ
796 1115 830 1181 δὲ
848 1114 909 1201 πρδ
924 1119 1028 1182 ποδῶν
1040 1116 1193 1204 ἐρρίφδαι
1206 1118 1263 1185 τδν
1280 1121 1303 1184 ἔ

202 1230 308 1306 χεροῖν
324 1225 380 1303 τῆς
397 1216 513 1295 πόλεως
528 1207 758 1304 σχηματισμόν·
786 1215 828 1295 ὥς
842 1219 997 1301 εἰκασμοῖς
1011 1245 1089 1286 τισιν
1103 1222 1248 1287 δντεύθεν
1263 1223 1303 1287 ἓν·

205 1325 293 1399 νοίας
319 1321 405 1397 τινδς
426 1321 660 1407 ὐναλεξαμίνοις
681 1322 770 1397 ἐνίοις
794 1318 1032 1409 ἀποπεφάνθαι,
1058 1321 1104 1407 μὴ
1127 1326 1172 1400 είς
1185 1324 1303 1410 μακρὰν

130 1511 132 1513 ‚
205 1431 263 1510 τῆς
283 1431 345 1490 τῶν
358 1422 584 1510 Παλαιολύγων
597 1423 840 1511 αὐτοκρατορίας
855 1424 982 1491 ἔσεσθαι
999 1425 1056 1510 τὴν
1072 1425 1303 1514 καταστροφήν

207 1525 279 1618 (Ε.)
301 1526 390 1593 Κύπλ
404 1525 525 1606 τούτοις
538 1527 574 1594 τὸ
592 1528 808 1615 προπεπονδδς
817 1534 873 1612 τῆς
886 1524 966 1617 ἑῴας
979 1527 1096 1611 ἀτμίδος
1111 1536 1168 1595 τού
1179 1537 1237 1615 τῆς
1254 1538 1303 1596 τοτ’

204 1635 283 1697 θεοῦ
306 1632 425 1718 Σοφίας
447 1631 506 1697 νεώ
531 1627 797 1714 καταπονούμενον
817 1626 916 1716 ἡσυχῆ
936 1628 1165 1720 παρερρήγνυτο
1189 1639 1303 1717 μᾶλλον

178 1733 273 1813 criel,
302 1736 353 1798 καί
366 1734 483 1811 πολλὰς
497 1735 612 1800 ίκεῖδεν
624 1735 772 1821 ψηφίδων
785 1737 837 1799 καί
852 1736 990 1801 πλίνθων
1004 1735 1194 1822 κατίδριπτε,
1220 1737 1303 1819 μίχρ

203 1845 263 1923 τῆς
284 1843 455 1912 παντελοῦς
475 1834 637 1913 πτώσεως·
670 1840 738 1924 περί
761 1828 799 1921 ἦς
813 1834 886 1923 ἡμῖν
901 1838 980 1903 κατὰ
992 1834 1098 1926 χώραν
1116 1840 1216 1904 ἰοῦσιν
1231 1839 1303 1904 dnn

202 1936 349 2028 χρώντως
362 1939 520 2017 tentaras.
547 1946 603 2005 νῦν
616 1943 636 2004 δ
641 1939 651 1965 ²
668 1940 854 2006 ἓπανακτίον
869 1941 924 2006 τδν
945 1937 1036 2027 λόγον
1059 1942 1110 2006 καί
1134 1942 1303 2026 διηγητίον

206 2042 267 2110 ὅσα
294 2043 325 2107 ίν
345 2044 426 2132 τῷδε
448 2048 506 2108 τού
513 2051 518 2072 ²
524 2039 642 2129 χρόνου
664 2045 729 2137 ίδίρ
753 2041 975 2137 συνεπεπτώκει
997 2043 1141 2130 μενίσθαι
1157 2055 1223 2121 τοῖς
1242 2048 1303 2110 Βυ-

207 2146 348 2225 ζαντίοις.

106 2257 140 2311 V.
148 2256 201 2312 353
283 2244 322 2332 γ’.
340 2246 422 2313 Ἐπεί
434 2247 493 2335 γὰρ
505 2244 684 2339 Ἅποκαύκῳ
699 2245 743 2314 sd·
754 2246 834 2313 κατδ
848 2242 974 2335 γνώμην
986 2246 1042 2315 οὐκ
1054 2246 1148 2315 εὐοδα
1163 2249 1245 2315 κατὰ
1253 2255 1303 2316 cai

176 2324 362 2436 ”saonem
375 2347 529 2435 ἐβάδιζεν·
557 2351 629 2418 ἀλλ’
647 2354 748 2441 ἐκείνῳ
760 2353 817 2437 μὲν
837 2352 871 2417 ἐκ
886 2359 942 2418 τοῦ
961 2358 1017 2436 τῆς
1034 2349 1236 2437 ἀπογνώσεως
1249 2359 1303 2431 βυ

206 2460 271 2520 &osi
285 2457 390 2531 δεξιῶς
405 2453 564 2539 ὐνίβαινεν
579 2455 681 2543 η’ρίμα
697 2453 740 2521 τὰ
754 2452 922 2542 πράγματα
944 2457 994 2521 καὶ
1010 2453 1218 2542 ἄνερρώννυτο
1233 2452 1303 2540 πρῦ

206 2556 242 2623 τύ
264 2555 526 2645 εὐθαρσίστερον·
559 2556 662 2649 τούτῳ
684 2558 719 2624 δ’
746 2558 816 2624 οὐτε
835 2558 876 2624 τὰ
899 2557 980 2624 κατὰ
1002 2556 1169 2623 θάλατταν
1185 2560 1303 2624 ἐλπίδα

205 2671 329 2748 παρεῖχε
347 2659 549 2749 θαρρούσας,
576 2661 646 2728 οὐτε
666 2672 732 2738 τοῖς
745 2660 818 2727 κατ’
842 2659 967 2748 ἤπειρον
981 2658 1078 2738 δεξιόν
1090 2687 1120 2726 τι
1135 2664 1303 2727 καθίσται

205 2761 381 2847 σύμβολον·
398 2764 453 2852 ἔφ’
468 2763 575 2851 ἑτέρας
589 2765 728 2852 ίτρίπετο
742 2761 893 2848 μηχανάς.
920 2763 995 2850 ἴμνω
1008 2763 1067 2851 γὰρ
1081 2769 1303 2850 προβιβασμοί

171 2874 301 2954 Εγερών
314 2869 366 2931 καί
379 2863 542 2953 προσόδων
557 2864 664 2954 πόροις
675 2863 820 2932 ύπελδιΐν
834 2864 889 2933 τόν
907 2891 940 2932 τε
962 2865 1155 2954 πατριύρχην
1169 2870 1222 2932 καὶ
1244 2867 1303 2951 ἅμ

200 2967 257 3034 τδν
279 2974 312 3034 Γ
309 2974 432 3051 αβαλᾶν
453 2967 616 3054 Ἰωάννην·
647 2969 682 3046 ὃς
708 2966 975 3055 γλωττοδαίδαλύν
997 2996 1066 3035 τινα
1083 2970 1161 3057 πρὸς
1177 2978 1235 3054 τῆς
1248 2972 1303 3058 spi

104 3087 137 3141 Ρ.
144 3084 197 3142 4³6
204 3095 282 3148 οεως
294 3068 484 3156 κτησάμενος
502 3071 668 3155 εὐστομίαν
690 3069 777 3155 μύλα
798 3098 846 3139 τοι
868 3071 1003 3150 πιθανὸς
1022 3070 1119 3139 ἐδόκει
1133 3084 1200 3149 τοῖς
1214 3073 1303 3139 dxci

204 3198 289 3256 sons,
315 3184 383 3252 τοῖς
400 3199 434 3240 τε
455 3173 561 3251 ἄλλοις
585 3177 637 3241 καί
658 3172 726 3241 ὅσοι
751 3174 808 3261 τὴν
827 3177 985 3258 βασίλειον
1008 3173 1213 3263 συνεκρότουν
1235 3174 1303 3262 σύμ

204 3342 261 3421 ert,
284 3340 371 3392 statua
388 3356 466 3424 aerea
480 3338 597 3409 angelico
615 3337 721 3422 hsbitu,
743 3355 792 3392 nec
811 3355 862 3423 non
882 3337 1042 3423 simulacrnm
1053 3340 1131 3424 'illius
1148 3339 1303 3426 Palaeplog

203 3408 1120 3548 tttttlnffitztttl,tl¹ttttstt⁶ztlut¹letltt
1131 3415 1303 3550 stelle·

203 3547 317 3600 habebat
328 3549 355 3599 in
370 3547 494 3609 manibus,
509 3547 595 3615 figura
608 3546 690 3600 urbis.
715 3546 838 3599 Nonnulli
852 3546 941 3616 itaque
955 3548 1131 3601 coniectantes
1146 3558 1174 3601 et
1186 3550 1303 3618 quaeda.

201 3616 267 3675 ,inde
286 3616 425 3684 praesagis
450 3614 583 3685 capientes
606 3632 657 3668 non
676 3615 753 3686 longo
773 3623 833 3686 post
851 3633 969 3669 eversum
988 3617 1021 3668 iri
1039 3616 1129 3669 dixere
1142 3618 1303 3687 roseolog·

204 3699 261 3738 rum
278 3683 468 3754 imperatoriam
480 3685 668 3737 auctoritatem.
693 3686 755 3752 (V.)
773 3686 812 3738 Ad
825 3686 890 3736 baec
902 3702 942 3749 ea,
955 3701 1022 3754 quae
1033 3686 1066 3738 ad
1078 3686 1202 3739 orientem
1214 3685 1303 3756 sergi

205 3759 257 3806 tem
276 3753 295 3804 li
315 3759 420 3806 mactas
434 3753 549 3821 Sophiae
566 3755 683 3818 testudo,
707 3753 828 3806 laborans
848 3770 878 3806 ea
897 3763 972 3823 parts
989 3770 1040 3823 qus
1059 3755 1108 3807 ism
1126 3755 1222 3809 aii'ecta
1244 3775 1288 3808 era

206 3839 240 3892 pa
267 3822 328 3875 stim
343 3823 395 3874 iam
409 3822 490 3890 magis
505 3840 535 3875 ac
549 3824 631 3892 magis
647 3823 801 3884 fatiscebat3
818 3828 896 3891 atque
909 3823 970 3875 inde
983 3824 1073 3875 calculi
1086 3830 1114 3877 et
1124 3823 1244 3877 laterculi
1258 3827 1303 3878 lte

205 3898 313 3961 quentes
326 3890 489 3955 decidebant,
507 3891 591 3960 quoad
606 3899 662 3946 tots
676 3891 778 3945 undem
794 3891 946 3962 procubuits
964 3909 1015 3960 qus
1031 3892 1065 3945 de
1077 3909 1107 3945 re
1122 3892 1192 3945 infra
1209 3890 1303 3947 abund

205 3976 251 4012 suo
270 3959 326 4013 loco
344 3960 438 4012 dicturi
452 3977 547 4013 sumtus.
580 3962 658 4014 Nunc
676 3970 762 4014 autem
781 3961 926 4013 revocanda
943 3960 1003 4013 iude
1019 3962 1118 4027 oratio,
1142 3971 1171 4015 et
1183 3963 1303 4033 quidqui-

204 4045 254 4099 psr
270 4028 334 4081 iilud
351 4037 454 4098 tempos
471 4030 605 4099 Byzantiis
623 4030 729 4083 seorsim
746 4029 888 4092 acciderit,
906 4030 1066 4084 narrandum.

271 4099 303 4153 3.·
315 4098 384 4161 Quia
402 4101 540 4168 Apocauco
557 4099 585 4151 in
597 4100 646 4164 iis,
667 4117 733 4168 quae
749 4099 874 4151 adsersus
894 4099 927 4151 im
947 4108 1072 4153 craterem
1091 4099 1260 4164 moliebatur,
1278 4116 1303 4153 e:

202 4166 331 4220 sententia
349 4183 400 4219 non
417 4169 591 4233 succedebat,
616 4169 662 4221 sed
680 4169 855 4220 Cantacuseni
875 4167 918 4237 qui
937 4184 976 4221 em
996 4185 1039 4221 res
1057 4185 1090 4221 ex
1110 4169 1303 4237 profundissimi

202 4236 385 4305 desperatione
407 4238 536 4290 commode
553 4237 720 4306 emergebant
736 4237 857 4306 paulatim
880 4243 908 4288 et
927 4237 1013 4290 auctis
1034 4236 1133 4290 viribus
1157 4238 1269 4292 animum
1286 4258 1303 4292 e

201 4305 347 4369 addebsnt3
364 4304 403 4357 iili
418 4315 502 4360 autem
514 4323 597 4375 neque
609 4323 625 4358 a
638 4306 702 4358 mari
716 4322 777 4375 spes
789 4305 842 4358 ulla
857 4305 920 4357 satis
935 4306 988 4359 fids
1002 4306 1152 4375 effulgebat,
1170 4325 1258 4376 οεριιο
1270 4325 1303 4361 res

201 4381 306 4427 stem
324 4374 363 4427 ita
382 4393 410 4428 ss
429 4376 572 4441 habebant,
600 4382 631 4427 ut
652 4391 684 4427 ex
703 4375 736 4427 iis
753 4376 847 4441 bonum
866 4391 938 4428 omen
954 4392 1048 4444 capere
1067 4385 1170 4445 posset:
1196 4379 1230 4431 ad
1248 4378 1303 4430 aliu

202 4442 405 4497 machinationes
422 4453 531 4498 mentesa
550 4444 657 4513 appulit.
691 4438 818 4497 Decrevit
835 4444 902 4497 enim
920 4445 1042 4497 bonorum
1063 4445 1268 4512 amplificatione
1287 4465 1303 4499 e

202 4512 296 4566 oblatis
311 4514 440 4566 reditibus
458 4514 643 4566 circumvenire
656 4513 830 4581 patriarcham
844 4512 919 4564 simul
934 4522 962 4566 et
973 4514 1091 4566 loannem
1103 4515 1251 4579 Gabalsm3
1270 4533 1303 4585 qn

203 4597 259 4634 cusa
275 4589 395 4636 enatura
409 4583 554 4652 accepisset
567 4582 731 4635 artificiosam
767 4582 875 4634 uandsm
888 4581 991 4634 dicendi
1006 4582 1169 4647 facultatem,
1189 4586 1303 4655 eloqneu

202 4649 314 4706 tissimus
327 4650 464 4706 ridebatur
478 4651 652 4719 audientibus,
671 4659 725 4706 tum
764 4651 811 4717 is,
828 4658 881 4704 tum
894 4650 1001 4704 manime
1014 4651 1063 4715 iis,
1081 4651 1176 4722 quibus
1189 4654 1303 4725 principi
