2798 4754
359 294 362 299 ‘
466 319 828 415 annorst‘tones.
1109 337 1208 412 saoo

66 499 146 582 Vide
165 499 332 563 Phranzsm
353 496 408 562 tib.
426 496 453 560 1.
474 517 540 581 ουρ.
563 497 604 563 X.
629 503 662 562 et
682 505 768 562 notas
786 498 826 563 ad
845 496 1033 564 Alexiadetn
1043 521 1111 588 pag.
1132 509 1205 575 283.

66 608 199 650 bucano.

152 671 227 755 Pag.
251 669 331 746 245,
351 668 383 734 4.
430 664 471 732 Td
497 665 552 750 μὲν
570 672 632 733 τοῖν
656 662 800 751 Τοδρκυυν
822 674 960 749 πλῆθος]
987 674 1079 736 Τιτυοὶ
1100 698 1207 758 nempe

66 768 133 818 tum
147 766 268 838 pactum
281 755 412 816 inierant
430 774 497 814 cum
514 755 661 815 Catslanis
679 776 756 816 anno
776 756 932 817 Mcccvt.
955 758 993 819 de
1015 781 1074 838 quo
1090 761 1208 824 Monta·
1247 787 1252 821 ε

66 844 171 903 nerius
190 862 258 920 ουρ.
273 839 457 905 CCXXVIH.
472 850 502 900 et
515 841 658 902 Monoada
673 861 740 922 cap.
757 841 852 905 XLV.
879 841 957 904 Vide
972 856 1129 924 praeterea
1144 850 1207 909 Pa·

67 927 201 1008 ohymor.
216 927 268 987 tib.
277 926 358 990 XIII.
375 945 441 1007 ουρ.
453 923 509 987 ῙΧ.
523 934 552 985 et
565 925 641 990 Hist.
656 925 927 1009 Franco-Byzan&
936 927 991 991 lib.
1000 926 1051 993 vt.
1060 952 1092 995 n.
1101 934 1216 996 xttv..

63 1033 196 1076 νυουαο.
1224 1054 1226 1059 >

156 1103 228 1180 Pog.
249 1094 328 1171 245,
349 1101 381 1163 6.
429 1099 490 1159 Τοῦ
505 1094 538 1159 di
553 1090 745 1180 μεταποίρον]
768 1095 824 1159 Aa.
839 1098 996 1161 MCCCVI.
1032 1120 1164 1164 roomo.

154 1187 226 1264 Pog.
245 1183 328 1257 245,
352 1185 402 1248 11.
425 1175 699 1261 Στρατοπεδειῖονσι
715 1182 784 1265 περί
795 1179 853 1263 τὴν
866 1186 1096 1268 Κασανδρείαν]
1120 1187 1206 1260 Quae

65 1269 140 1330 olim
161 1263 317 1342 Potidaea,
340 1265 395 1326 sita
410 1266 444 1325 in
464 1266 572 1326 finibus
586 1265 731 1328 Thraciae
750 1277 782 1329 at
802 1269 1005 1332 Macedoniae.
1048 1272 1207 1332 conditam

65 1356 109 1416 sit
121 1352 226 1413 Livius
239 1351 294 1413 lib.
309 1350 414 1412 XLIV.
431 1375 450 1411 a
461 1349 628 1414 Cassandro
646 1375 710 1434 rege
722 1354 753 1414 iss
770 1355 843 1435 ipsis
845 1353 1004 1440 faucibus,
1018 1379 1093 1440 quae
1106 1353 1206 1416 Palle-

65 1434 1206 1606 ttz‘h.3fhst..⁰“2;33;mitti.th‘tj'ffss‘odhhdsssshttsst

65 1607 184 1684 dreno,
210 1605 286 1668 Cod.
302 1607 374 1683 Reg.
390 1606 481 1673 1853.
496 1607 548 1669 iol.
564 1604 632 1672 144.
648 1605 684 1667 de
701 1599 990 1690 catalanisioqnens
1010 1607 1100 1691 (qnos
1114 1610 1206 1671 Italos

61 1690 168 1774 vocat)
192 1690 257 1754 ἐπεί
273 1688 321 1766 δὲ,
348 1691 462 1770 inquit,
489 1687 565 1776 πρδς
586 1694 784 1756 Μακεδονίαν
805 1693 865 1758 ἔδει
884 1693 1025 1758 τοντονσί
1048 1697 1205 1776 διαβῆναι,

63 1779 257 1861 διαβαίνουσι
271 1773 335 1857 μὶν,
357 1775 409 1839 καί
422 1773 704 1860 στρατοπεδεύουσιν
719 1777 752 1842 ίν
765 1773 871 1860 Παλλν]
921 1797 930 1816 ·
951 1772 1096 1843 κοίκεῖθεν
1110 1774 1206 1856 ἐξιόν-

60 1886 127 1940 τες,
147 1862 299 1944 ἐληίζοντο
319 1854 436 1941 πάντα,
457 1857 596 1946 καθάπερ
610 1863 643 1927 ἐκ
658 1865 802 1940 Δεκελίας
821 1861 878 1947 την
896 1861 1031 1948 Aurata
1044 1859 1205 1942 Λυίκυινυς.

59 1967 180 2011 noxam.

151 2036 224 2116 Peg.
244 2031 325 2110 245,
348 2031 400 2100 15.
435 2026 529 2115 ’Ἄκρα
549 2026 606 2115 γάρ
626 2030 686 2096 ἔστι
702 2026 863 2115 προμήκης
885 2033 928 2109 είς
942 2029 1118 2114 θάλασσαν,
1135 2028 1205 2099 πόλι

60 2141 135 2194 ποις
156 2115 195 2181 ον’
207 2124 325 2201 μικροῖς
341 2115 528 2198 ἑκατέρωθεν
547 2116 795 2199 περιειλημμένη,
817 2112 862 2181 δι’
877 2111 923 2182 οίν
943 2118 975 2183 ίν
993 2126 1059 2195 ταῖς
1080 2143 1205 2204 χειμερι-

59 2211 134 2278 ναῖς
154 2199 246 2288 ὥραις
264 2199 300 2267 νδ
324 2207 380 2284 τῆς
399 2197 501 2284 χιόνος
522 2195 690 2265 υίποσείεταυ
709 2197 920 2285 δπερβιίλλον]
942 2205 1009 2265 Non
1030 2205 1101 2265 satis
1124 2225 1206 2264 aase-

60 2309 159 2369 quor,
180 2310 217 2349 an
232 2289 332 2349 nivem
352 2288 389 2348 ab
411 2286 610 2348 hominiboae
626 2297 727 2348 monte
743 2288 773 2347 in
789 2308 870 2349 mare
890 2288 998 2366 deiici,
1022 2310 1059 2348 an
1074 2299 1206 2350 montem

59 2374 178 2435 nivium
192 2374 334 2454 procellis
348 2373 455 2449 obrui,
476 2393 514 2432 an
537 2393 608 2433 vero
628 2373 712 2432 nives
734 2373 766 2432 in
783 2394 866 2434 mare
883 2373 983 2435 delabi
1006 2374 1098 2447 dicat.
1118 2393 1205 2435 won-

59 2480 139 2521 rtos.
183 2459 332 2520 Describit
347 2462 495 2536 Gregoras
515 2457 660 2518 Isthmum
675 2457 826 2536 Pallenes,
849 2459 957 2538 inquo
979 2458 1036 2519 sita
1055 2469 1119 2519 erat
1133 2460 1208 2519 Cas·

59 2543 202 2620 sandrin,
220 2547 292 2605 hino
304 2545 487 2616 Toronaico,
508 2541 580 2602 hinc
593 2541 787 2604 Macedonico
802 2545 877 2604 mari
890 2553 1019 2622 septum.
1043 2563 1161 2605 υοινυιυ.

153 2631 225 2711 Pog.
247 2631 326 2708 245,
350 2635 400 2696 18.
438 2621 531 2710 Ἦρας
544 2623 575 2691 δ’
590 2622 774 2710 α’ρχυμίνον]
795 2629 851 2692 An.
864 2629 1032 2694 mcccvtt.
1052 2649 1184 2691 annana.

150 2716 223 2796 Peg.
246 2713 323 2791 245,
344 2719 397 2780 21.
429 2709 502 2777 Ὄτυ
515 2712 566 2775 καῖ
579 2711 633 2789 τοῖς
648 2716 804 2800 βασιλίδας
814 2712 932 2795 ἤκουον
946 2709 1023 2777 εἶναι
1038 2712 1131 2791 lardo,
1151 2713 1207 2777 Εί-

58 2792 166 2882 ρήνην
181 2799 260 2880 φημί
275 2799 326 2863 καί
342 2799 486 2882 Μαρίαν]
507 2798 632 2859 Wolfius
650 2808 798 2876 verterat,
820 2822 886 2861 aum
909 2813 936 2859 et
954 2800 1133 2880 imperatrix
1146 2796 1208 2859 Ire·

57 2907 98 2945 sse
120 2898 149 2944 et
172 2886 272 2966 regina
293 2883 401 2946 Morio
419 2884 463 2945 ibi
478 2882 621 2964 degerem.
664 2881 772 2947 Μανία
791 2905 870 2945 uxor
888 2884 945 2944 suit
962 2880 1133 2963 Michaelis,
1156 2883 1207 2943 iu-

2 3024 17 3034 ,
56 2969 157 3030 nioris
177 2969 377 3051 imparitatis.
420 2969 549 3030 Proinde
572 2969 687 3048 etipsa
710 2972 904 3051 imperatrix,
938 2990 1001 3028 non
1023 2972 1124 3052 regino
1144 2967 1207 3029 dici

56 3054 176 3116 debuit.
219 3056 352 3135 Utraque
366 3064 464 3131 certe,
486 3063 517 3114 et
532 3053 617 3115 Irene
628 3064 659 3115 et
670 3053 787 3133 Μανῖα,
809 3056 960 3139 βασιλίδος
974 3077 992 3114 υ
1008 3055 1142 3134 Gregora
1157 3053 1206 3113 di-

55 3150 183 3202 cuntur.
223 3160 337 3205 nomn.

148 3227 221 3307 Peg.
243 3226 323 3301 246,
346 3230 376 3290 8.
419 3219 553 3302 Masada
575 3221 671 3287 ίκτισυ
700 3226 813 3306 τοῖχος]
851 3220 1053 3305 christopoli,
1091 3219 1206 3302 oppido

56 3309 146 3390 quod
157 3309 271 3370 Thasso
287 3309 402 3374 insulae
418 3308 611 3385 obversatur,
635 3318 668 3370 et
681 3308 720 3371 ds
739 3330 799 3390 qno
819 3309 965 3390 quaedam
981 3305 1150 3368 notavimus
1168 3306 1206 3367 ad
1269 3387 1271 3390 .

56 3394 303 3457 Villharduinum
317 3394 497 3470 moxnlx,
514 3393 552 3453 ad
565 3395 734 3471 Pangaeum
748 3396 880 3456 vicinum
892 3401 1032 3453 montem.
1056 3393 1207 3452 (iantacu-

55 3500 154 3543 zenua
168 3480 219 3544 lib.
235 3480 257 3543 1.
273 3477 470 3561 osp.1V.ubi
488 3479 526 3538 de
543 3477 768 3561 christopoIeos
783 3482 931 3564 φρουρίῳ.
960 3472 1024 3559 ἅμα
1041 3473 1096 3558 μίν
1112 3475 1153 3552 οίς
1167 3473 1206 3541 δν

57 3561 206 3649 καρτερὰν
224 3565 257 3629 ἔτι
270 3587 302 3629 τε
314 3569 369 3646 τῆς
380 3558 501 3644 φύσεως
513 3569 568 3644 τῆς
585 3570 771 3646 κατασκευῆς
777 3613 787 3642 ,
807 3568 864 3627 τοῦ
880 3559 977 3627 τόπον
998 3561 1050 3625 καί
1067 3565 1129 3625 ταῖν
1148 3586 1207 3625 τοι·

55 3655 141 3735 χῶν,
163 3646 226 3732 ἅμα
240 3645 274 3714 δ’
287 3645 333 3715 ’ότι
354 3648 407 3712 καῖ
427 3644 527 3755 ὥσπερ
553 3650 583 3712 εί
598 3673 626 3711 τι
643 3655 786 3732 κλεῖθρον
806 3652 868 3712 τοῖν
886 3642 1039 3728 κλιμάτων
1058 3645 1207 3730 ἑκατέρων

57 3735 171 3819 μέσον,
192 3732 248 3817 τήν
264 3731 391 3817 δοτικὴν
407 3753 547 3814 στρατιαν
561 3729 678 3814 πολλήν
698 3757 766 3797 τινα
782 3725 878 3798 οὖσαν
892 3733 942 3797 καί
963 3729 1040 3810 πρὸς
1053 3727 1148 3814 μυίχας
1159 3732 1206 3808 ἐξ·

57 3818 238 3903 ησκημίνην
255 3825 310 3900 τῆς
325 3821 358 3884 ίκ
370 3824 426 3901 τῆς
445 3819 484 3882 ἕω
498 3819 550 3883 καί
565 3823 620 3900 τῆς
637 3812 760 3904 Θρᾴκης
774 3821 913 3904 διεῖργον.
958 3818 1075 3893 Quibus
1089 3827 1206 3897 postre-

58 3907 116 3968 mis
134 3906 234 3967 verbio
248 3927 366 3967 snorum
377 3906 470 3966 istum
485 3906 608 3967 videtur
618 3905 764 3969 indicare.
807 3905 849 3965 De
864 3904 962 3983 longis
977 3903 1042 3964 istis
1058 3902 1150 3962 muris
1166 3899 1207 3960 sd

56 3991 194 4054 hostium
208 3993 346 4052 incursas
366 3991 513 4053 arcendos
535 3991 648 4069 egimus
670 3989 703 4050 in
722 3990 802 4051 notis
822 3990 861 4051 ad
879 3988 1049 4049 chronicon
1063 3984 1206 4046 Panchaia

58 4096 129 4159 pag.
144 4078 218 4146 689.
242 4086 272 4139 et
292 4078 324 4138 in
345 4076 463 4142 dimert.
484 4076 522 4138 da
542 4074 716 4150 Hebdomo,
738 4075 791 4137 uhi
816 4075 856 4138 de
877 4085 1005 4154 utroque
1025 4070 1205 4133 Hexamilio.

57 4182 191 4224 onemo.

149 4250 223 4328 Peg.
242 4245 322 4322 247,
344 4251 375 4313 7.
403 4244 472 4306 Huc
486 4245 642 4327 pertinent
653 4243 705 4305 illa
721 4243 870 4305 Theodoti
883 4241 1034 4318 Rhetoris,
1050 4237 1206 4315 cotneg.

61 4331 116 4395 sot.
132 4329 219 4407 144„
241 4330 279 4392 de
298 4331 507 4393 catalanorum
521 4333 555 4391 ia
572 4330 758 4393 Thessaliam
779 4329 925 4407 transitu,
945 4319 1140 4410 ἀπειρηκότες
1157 4319 1205 4388 υί-

134 4429 299 4500 αιαρυιω
313 4429 425 4501 αις...
448 4430 558 4486 vam
955 4418 997 4480 77
