2648 5086
155 1083 1012 1241 nnnornrsons54

1 1267 278 1362 matrona,
308 1275 637 1371 Csn.Docsno11,
663 1279 717 1354 lo.
742 1279 913 1369 Βοινιιιι,
939 1276 1002 1352 Cr..
1018 1274 1116 1349 Csr-

419 1405 668 1462 esnonnrsnn.

56 1681 133 1767 Psg.
149 1691 186 1755 1.
209 1690 236 1748 1.
259 1681 304 1744 ed.
322 1682 420 1747 Bonn.
447 1689 539 1750 Titui.
564 1691 875 1753 ΝΙΚΗΦΟΡΟΤ
895 1691 988 1751 Tor
1011 1689 1115 1748 ΓΡΗ-

1 1768 99 1832 ΟΡΑ
137 1774 251 1831 ΡΩΜ.
286 1773 396 1852 Iun]
437 1775 471 1833 ln
496 1775 607 1836 Codice
624 1776 733 1855 Regio,
769 1774 822 1854 qui
851 1774 946 1834 libros
976 1772 1116 1832 undecim

1 1850 91 1942 {ores
104 1857 327 1934 complectitur,
341 1857 447 1918 titulus
462 1870 516 1936 est,
538 1854 721 1940 Νικηφόρον
733 1864 788 1923 τοῦ
803 1863 832 1920 Γ
826 1863 940 1941 ρηγορᾶ
951 1856 1115 1939 Ῥωμαϊκῆς

1 1942 113 2015 ’νταξτρ
133 1941 278 2021 ἱστορίας,
307 1941 483 2022 περιέχουσα
504 1945 579 2008 ἐτῶν
603 1942 710 2008 ἕκατδν
731 1943 784 2006 καί
804 1940 991 2022 πεντήκοντα
1012 1937 1115 2023 διήγη-

1 2043 33 2081 ν·
55 2024 159 2107 ἤγουν
174 2020 235 2089 sind
251 2030 307 2088 rod
326 2028 470 2106 βασιλέως
489 2025 631 2108 Λάσκαρι
651 2031 759 2106 κυρίου
779 2023 939 2109 Θεοδώρου
960 2026 1043 2109 μέχρι
1060 2031 1115 2106 τής

1 2114 125 2184 suetas
136 2115 193 2172 τοῦ
207 2115 471 2191 Καυτακουζηνοῦ.
514 2115 550 2173 ld
569 2123 630 2189 est,
652 2111 814 2195 Νἰοιρίιοιί
836 2110 983 2193 Gregoroe
999 2111 1113 2172 Romo.

1 2211 25 2252 te
40 2193 186 2255 historica
204 2193 293 2272 liber,
317 2198 467 2259 continens
488 2221 631 2260 annorum
648 2200 702 2260 CL.
718 2198 933 2274 narrationem,
956 2218 1056 2277 nempe
1074 2192 1114 2254 οίι

1 2294 147 2357 *peratore
167 2280 260 2341 Dom.
286 2279 439 2342 Theodoro
462 2284 593 2344 Loscori
614 2279 765 2366 usquead
787 2282 939 2363 imperium
965 2277 1114 2341 Conlocu-

1 2367 44 2438 ἑοί.
67 2363 169 2424 Editio
181 2364 326 2424 Wolfisna
344 2365 571 2446 inscriptionem
587 2368 664 2428 hanc
687 2366 837 2448 praefert,
858 2363 1020 2451 Nicepbon'
1045 2360 1114 2424 Gre-

1 2464 77 2528 οταε,
100 2447 272 2532 quonoe,
295 2449 352 2510 ίιοσ
369 2465 410 2510 est
431 2449 614 2535 Byzantium
627 2451 767 2512 historiae
786 2449 858 2511 libri
872 2451 923 2511 Xl.
944 2447 1049 2532 quibus
1069 2471 1114 2508 res

1 2550 6 2589 t
17 2528 132 2595 Graecis
145 2533 368 2612 imperatoribus
378 2557 430 2616 per
444 2558 538 2596 annos
550 2538 662 2598 CXLV.
678 2559 696 2596 ο
714 2533 864 2597 Theodoro
877 2533 1006 2594 Luscon'
1015 2535 1115 2614 priore

21 2642 61 2678 ue
91 2615 134 2679 od
163 2615 337 2679 Andronici
364 2624 536 2701 posterioris
562 2621 674 2682 obitum
705 2636 803 2704 gestos
831 2617 1034 2680 describuntur
1053 2628 1112 2679 etc.

9 2715 117 2764 ¹utrum
131 2704 253 2764 titulum
272 2705 464 2783 retinuimus,
488 2718 647 2788 propterea
660 2707 742 2787 quod
758 2707 789 2765 in
809 2715 937 2784 utroque
953 2705 1029 2763 mals
1043 2703 1113 2762 sub·

37 2798 63 2847 ts
83 2798 148 2849 eret
166 2809 312 2849 annorum
330 2794 417 2849 ratio.
460 2793 534 2852 Nous
559 2793 696 2855 undecim
716 2792 788 2852 libri
818 2791 935 2869 priores
957 2787 1113 2848 historiam

2 2865 140 2948 ὀπτοί,
164 2895 224 2933 non
246 2876 301 2934 ct.
322 2885 375 2934 sut
398 2878 514 2938 cxtv.
530 2879 584 2939 sed
606 2889 723 2939 tantum
746 2875 924 2937 CXXXVll.
949 2894 1114 2950 annorum,

0 2961 20 3030 p:
40 3000 43 3009 ·
58 2959 120 3022 XV.
133 2959 239 3019 Davidi
254 2959 412 3038 Chytrseo.
434 2963 575 3023 Wolfium
588 2966 620 3023 in
636 2984 767 3023 errorem
783 2961 902 3020 induxit
917 2959 1015 3019 codex
1029 2977 1112 3032 suus,

21 3062 76 3122 quo
96 3044 212 3104 scilicet
228 3043 353 3106 huiusce
364 3045 504 3108 historiae
519 3049 572 3108 lib.
588 3049 640 3112 XI.
656 3070 723 3127 cop.
743 3048 796 3107 Xl.
809 3055 883 3106 sect.
902 3051 931 3110 1.
953 3063 1113 3124 perperam

17 3154 27 3177 ι
64 3130 171 3206 viginti
193 3130 229 3188 sb
252 3131 331 3190 Urbe
353 3143 440 3211 capta
464 3133 709 3208 numerabantur,
738 3153 806 3192 cum
828 3130 971 3190 tredecim
996 3137 1113 3189 tantum
1167 3202 1171 3208 .

5 3216 122 3300 ueraci
143 3225 305 3296 oporteret.
341 3216 418 3277 Vide
435 3228 520 3279 notas
533 3220 610 3278 inira
625 3219 664 3278 ad
680 3238 746 3277 eum
761 3218 869 3281 locum.
912 3232 1028 3278 sorsin·

4 3383 8 3395 .
55 3313 128 3397 Peg·
145 3321 183 3394 6,
205 3320 236 3382 4.
277 3314 357 3378 Ἡδὲ
371 3322 413 3399 γῆ
432 3315 489 3400 τήν
504 3316 648 3404 ἄτρεπτον
660 3315 772 3399 ταύτην
786 3315 899 3399 ὁμοίως
914 3310 1049 3397 α’ρχήθεν
1064 3306 1113 3376 τίτί

21 3441 27 3452 «
51 3401 138 3480 pion
158 3395 289 3480 τροπήν]
313 3402 370 3461 Vel
385 3400 442 3482 τήν
459 3398 619 3484 ιῖιιιυησίαν
638 3405 791 3481 intelligit:
822 3403 914 3461 Terra
941 3401 1019 3460 enim
1043 3419 1113 3458 cen-

65 3487 218 3545 immobile
235 3487 436 3547 universitatis
453 3510 553 3548 rerum
574 3510 590 3549 a
609 3490 763 3571 plerisque
783 3489 940 3546 statuitur:
962 3485 1011 3545 vel
1029 3485 1111 3543 vices

8 3576 19 3648 j
41 3592 158 3646 orum,
187 3571 296 3649 quibus
321 3592 403 3631 nunc
422 3575 532 3634 sterilis
554 3576 688 3654 squalet,
723 3592 804 3634 nuno
829 3570 977 3632 foecunda
1006 3570 1111 3640 floret,

7 3684 28 3734 ρ
66 3657 199 3716 Fortuna
215 3667 245 3715 et
257 3657 340 3715 Luna
356 3669 526 3720 constantes
540 3661 573 3720 in
588 3661 709 3720 levitate
727 3678 781 3718 sua
795 3658 947 3718 dicuntur.
967 3675 1110 3715 wosrros.

54 3755 130 3838 Pssg·
148 3761 186 3835 6,
207 3761 238 3824 9·
281 3748 304 3836 ἦ
326 3753 442 3838 γαρίῖν
465 3759 580 3836 ἐλλιπὲς
600 3756 713 3836 ἐδόκει]
735 3762 779 3821 lta
804 3757 981 3839 legendnm,
1001 3777 1062 3816 non
1086 3746 1111 3841 ᾗ

52 3838 110 3917 ἂν,
137 3852 173 3902 ut
195 3842 311 3920 legebat
326 3843 461 3907 Woltius.
504 3846 554 3906 sic
575 3847 652 3905 infra
675 3846 818 3910 liunt.
835 3865 901 3924 esp.
919 3843 968 3904 Vl.
991 3849 1063 3901 sect.
1082 3849 1109 3904 1.

41 3923 50 3953 ⁸
89 3923 177 4000 ἆνίς
196 3926 231 3991 sd
250 3927 464 4011 δαψιλέστερον
482 3925 713 4012 ίσκομισᾶμευοι
731 3925 917 4006 τάπιτήδεια.
961 3926 1012 3985 Sic
1029 3923 1111 4004 apud

64 4005 274 4093 τ.11ἰοι1.α.ή
288 4008 345 4095 γὰρ
361 4009 400 4077 du
418 4010 551 4096 Ἀτρείδη
572 4020 630 4079 νῦν
643 4011 756 4080 ὕστατα
775 4009 939 4097 λωβήσαιο.
972 4029 1088 4071 sorsin.

53 4114 251 4196 P03·5,15.
295 4115 358 4178 Καί
376 4111 537 4199 προφήτας
557 4117 658 4201 ἕτερον
675 4109 804 4199 epiros]
839 4113 968 4174 Basilius
985 4112 1060 4192 lmp.
1077 4111 1110 4169 iu

44 4202 157 4264 enetic.
182 4220 249 4279 cop.
265 4201 369 4262 LXVI.
390 4198 608 4284 παρελθόντων
628 4198 666 4266 soi
685 4199 775 4283 πάθη
794 4206 857 4276 τοῖς
878 4203 938 4264 νῦν
959 4200 1111 4283 παροῦσιν

1 4283 96 4374 ἔρχει
114 4279 301 4352 διδασκάλια.
342 4307 473 4352 nocsno.

2 4602 34 4714 ,
