2722 4778
423 376 427 383 .
447 309 805 381 AIVNO'I'ATIONES.
1102 301 1200 375 1171

62 469 160 542 sanis,
198 476 229 530 at
254 469 463 540 Gennenelbus
488 469 527 530 ad
555 467 756 530 habitandum
781 489 797 528 a
822 469 965 532 Michaile
993 489 1134 530 concessa
1156 470 1206 546 sit,

63 554 166 615 inultis
189 556 301 633 egimus
324 555 374 619 lib.
397 556 420 616 l.
450 555 724 636 Constantinopolis
748 553 932 617 Christianae
949 565 1021 616 sect.
1043 556 1143 615 XXII.
1168 555 1209 616 de

63 641 249 718 singulorum
277 661 351 701 vero
381 642 543 722 praesectis
562 639 613 700 laic
637 639 810 713 recensitis,
840 660 1001 718 eorumque
1028 640 1207 717 nominibus,

62 736 130 786 tum
147 746 182 784 ex
202 727 352 804 Gregora,
373 737 436 787 tum
458 747 496 786 ex
512 723 697 805 Pachymere
715 724 769 787 111).
787 725 825 786 11.
841 747 906 808 cap.
924 725 1064 789 XXXIII.
1080 737 1110 788 et
1129 726 1206 801 aliia,

63 812 96 870 ia
113 811 266 871 Glaesaria
281 811 359 874 med.
379 813 509 872 Graecit.
552 831 682 872 anama.

152 894 228 977 1²03·
250 901 301 972 98,
323 901 355 961 2.
398 893 556 977 Ἐκήδευσε
576 900 619 977 τῷ
640 894 712 981 duri
729 899 784 971 τῆς
801 889 923 968 Ἰταλίας
944 888 1110 978 Καροῦλῳ]
1132 893 1210 957 Vide

66 978 220 1042 Historiae
237 983 573 1061 Franco-Byzantinae
588 981 643 1044 lib.
658 982 694 1042 V.
709 1003 738 1040 n.
752 981 883 1043 XLVIII.
898 982 1006 1040 XLIX.
1051 1000 1184 1042 uncino.

153 1064 230 1145 1³⁰3·
254 1074 305 1143 98,
328 1074 358 1133 7.
398 1073 427 1130 Γ
424 1067 511 1142 ένους
536 1072 592 1131 τοῦ
613 1071 840 1146 Γασμουλικοῦ]
880 1065 1056 1148 Pacltymcr.
1080 1067 1136 1128 111).
1160 1066 1212 1129 IV.

68 1171 137 1230 cap.
152 1151 262 1210 XXVI
306 1152 383 1213 Vide
400 1154 532 1214 Glossar.
548 1151 626 1213 med.
642 1153 770 1212 Graecit.
792 1153 823 1212 1))
837 1151 894 1212 hac
909 1173 994 1215 voce.
1036 1172 1169 1213 nocane.

153 1232 228 1318 Pag-
252 1242 305 1314 98,
329 1244 379 1305 13.
425 1233 608 1316 Τζαηανας]
630 1236 745 1297 Horum
762 1238 911 1299 Laconum
933 1238 1067 1299 meminit
1087 1235 1212 1317 Pachy-

65 1340 168 1382 meres
181 1322 233 1382 lib.
250 1322 303 1385 III.
323 1344 390 1406 cap.
408 1324 461 1386 IX
505 1323 582 1385 Vide
597 1324 709 1404 pariter
730 1322 811 1383 idern
836 1324 965 1387 Glossar.
993 1325 1025 1382 in
1047 1321 1105 1383 hac
1125 1341 1212 1384 voce.

62 1425 201 1468 namne.
592 1432 593 1435 ¹
663 1420 673 1435 ·

153 1488 227 1574 1²03·
250 1495 302 1568 98,
324 1496 376 1560 13.
418 1491 453 1557 ‘O
472 1498 549 1577 γοῦν
562 1491 716 1576 βασιλικοὶ
738 1489 862 1574 στόλος]
892 1492 1070 1574 Pachymer.
1090 1491 1144 1552 lib.
1159 1489 1212 1551 III

64 1597 134 1658 cap.
150 1576 216 1638 XV.
257 1599 391 1640 uesano.

156 1659 230 1746 Pag.
252 1668 303 1737 98.
323 1664 375 1731 25.
423 1660 463 1728 Τὸ
484 1661 517 1728 dl
539 1655 580 1746 ἦν
608 1659 763 1749 κομήτης]
797 1662 975 1745 Pacliymer.
999 1663 1052 1724 lib.
1076 1661 1128 1724 III
1147 1683 1214 1743 cap.

64 1746 184 1809 XXIII.
225 1769 359 1811 anenno.

156 1831 231 1916 Pag-
253 1838 305 1911 99,
327 1839 380 1900 21.
423 1835 665 1922 Kurorasslvcp]
688 1834 866 1916 I‘acliymer.
886 1836 940 1897 lib.
957 1835 1009 1895 ΙΙΙ.
1030 1855 1100 1918 cap.
1117 1833 1215 1898 XXV.

65 1937 202 1977 anessa.
307 1937 309 1939 ’
621 1950 627 1964 =

157 2001 230 2086 Pflg·
254 2010 325 2076 100,
349 2003 380 2070 5·
423 2001 681 2085 Διαμηνύσασθαι
698 2005 939 2090 Κωνσταντίνῳ]
961 2007 1096 2067 Verbum
1111 2010 1216 2086 διαμη-

67 2083 205 2153 νύεσθαι
219 2090 301 2171 apud
316 2091 551 2169 Gregoranrnon
565 2093 654 2151 senrel
670 2102 812 2168 occurrit,
826 2113 882 2172 pro
905 2092 1116 2174 psaaatpaav.
1140 2092 1216 2152 Vide

66 2175 124 2237 111).
137 2175 215 2234 VIII.
233 2197 302 2258 cap.
314 2175 367 2237 VI.
383 2187 456 2237 sect.
472 2183 502 2243 2.
518 2187 575 2238 etc.
617 2198 736 2238 aoivrr.

158 2257 234 2341 Pag-
258 2266 329 2329 101.
352 2268 404 2328 tt.
446 2261 479 2326 ‘0
503 2267 558 2343 τῆς
578 2259 736 2343 Αἰγύπτου
753 2262 806 2325 καὶ
828 2255 966 2344 Ἀραβίας
984 2258 1140 2340 Σουλτᾶν]
1162 2263 1217 2320 Pa-

70 2345 211 2425 chynrer.
233 2347 286 2407 lib.
304 2346 354 2406 Ill.
369 2368 435 2430 cap.
453 2349 490 2411 V.
534 2349 564 2407 Ie
582 2369 673 2427 porro
690 2357 736 2408 est
751 2368 839 2428 quarn
855 2352 950 2406 nostri
962 2344 1149 2408 Noraelinum
1164 2365 1219 2406 vo-

72 2441 163 2506 cant,
186 2431 357 2492 chronicon
377 2453 452 2494 vero
474 2433 628 2495 Orientale
650 2433 688 2492 ab
704 2432 874 2493 Echellensi
896 2434 1026 2508 editum,
1048 2428 1219 2494 Almonau-

72 2540 139 2577 rum
155 2512 382 2593 Naraddinum,
405 2520 456 2578 ubi
472 2539 596 2595 regnum
615 2519 714 2579 iniisse
735 2520 846 2579 dicitur
866 2539 944 2578 anno
960 2517 1086 2597 Hegirae
1106 2516 1219 2577 DCLV.

72 2601 204 2683 proinde
229 2602 339 2661 Christi
362 2604 531 2666 IIICCLVII.
558 2627 576 2664 a
602 2625 662 2681 quo
683 2605 799 2664 scilicet
821 2613 1005 2683 expugnatas
1027 2623 1102 2682 quas
1121 2601 1219 2661 nostri

72 2692 106 2748 in
118 2687 207 2764 Syria
220 2687 397 2749 obtinebant
413 2691 550 2751 civitates
565 2700 688 2750 rrarrant
705 2692 870 2771 scriptores
884 2709 986 2750 rerum
1001 2687 1220 2768 Hierosolymi-

74 2786 223 2835 manum.
263 2795 394 2834 unusne.
819 2834 822 2839 .

163 2857 241 2942 Peg·
264 2865 335 2931 ¹02,
359 2867 391 2926 t.
432 2859 541 2924 Ἡτῶν
561 2860 677 2943 γονέων
695 2856 917 2941 ἐξωνούμενοι]
942 2859 1141 2940 Pachyraeres
1154 2864 1221 2931 ταῖς

77 2945 213 3024 συνεχέσι
233 2948 441 3028 μετακομίσεσ)
460 2951 523 3009 eoin
544 2946 694 3027 βορὲαθεν
715 2949 916 3026 μειρακίσκων
939 2946 1049 3006 Arabes
1078 2965 1149 3003 suos
1168 2962 1221 3001 au·

77 3033 159 3092 xisse
176 3032 328 3090 exercitus
345 3032 460 3092 scribit.
503 3033 660 3111 Haytonua
675 3034 708 3092 iu
722 3031 800 3093 Hist.
817 3032 962 3090 Orientali
981 3052 1046 3110 cap.
1059 3029 1085 3091 1.
1102 3029 1138 3088 de
1152 3028 1221 3087 Sol-

80 3117 149 3178 dani
168 3115 299 3196 Aegypti
323 3122 475 3197 potentia:
519 3117 626 3178 lllaioe
644 3140 716 3198 pars
737 3119 884 3187 exercitus
905 3117 1038 3196 Aegypti
1058 3129 1125 3174 suat
1147 3112 1223 3172 serni

79 3202 170 3284 empti
179 3204 285 3282 pretio,
304 3225 378 3284 quoe
396 3201 471 3262 mali
485 3201 647 3263 Christiani
662 3225 747 3281 saepe
759 3216 881 3283 portant
894 3199 1058 3283 cupiditate
1072 3193 1220 3266 lucrandi,

80 3303 128 3347 out
146 3289 179 3346 in
191 3284 315 3366 praeliis
330 3290 487 3370 acquisiti,
508 3310 581 3369 quas
603 3287 782 3369 compellunt
796 3308 894 3346 eoram
911 3301 1006 3347 sectae
1021 3299 1048 3343 et
1065 3279 1141 3363 fidei
1162 3279 1223 3340 ael·

80 3370 206 3431 haerere.
251 3369 288 3430 Et
303 3369 351 3431 illi
364 3376 415 3454 qai
432 3376 521 3453 empti
537 3375 632 3452 pretio
643 3373 786 3452 pecuniae
798 3374 989 3443 exstiterunt,
1013 3371 1141 3430 cariores
1155 3379 1223 3427 sunt

78 3474 102 3516 et
130 3454 292 3530 habentur,
327 3472 353 3516 et
373 3455 443 3539 plus
461 3457 532 3518 aliis
554 3456 745 3518 honorantur.
787 3457 879 3536 Apud
902 3457 1016 3515 'I'urcos
1035 3474 1106 3513 voro
1127 3454 1224 3512 Euro·

77 3560 171 3619 paens
196 3541 252 3598 alia
271 3541 395 3602 inductu
416 3544 505 3604 simili
531 3544 596 3602 sere
613 3545 702 3602 rnodo
721 3545 872 3602 exercitus
886 3541 1015 3619 augendi
1036 3536 1224 3598 consuetudo

74 3630 226 3688 Ainurate
243 3628 408 3706 imperante
421 3631 476 3688 sub
493 3649 561 3687 artu.
579 3629 747 3689 ntcccux.
768 3628 925 3688 cuiusdam
944 3624 1099 3686 Cenomani
1115 3623 1226 3684 docto-

72 3716 118 3775 ris
138 3713 236 3770 Carae
253 3712 393 3772 Rustanis
407 3725 437 3774 et
452 3714 594 3774 Zinderlu
604 3712 749 3773 -Clrelilis
774 3713 910 3784 coasilio,
934 3732 992 3790 qua
1006 3711 1175 3786 inductum,
1190 3715 1227 3766 ut

71 3798 114 3860 de
135 3797 298 3876 mancipiis
312 3801 457 3877 puerilem
473 3809 600 3859 aetatem
616 3800 759 3876 egressis,
787 3818 864 3879 quae
887 3798 967 3857 bello
989 3806 1075 3876 capta
1089 3797 1226 3866 luissent,

69 3887 223 3965 quintum
246 3885 389 3964 quodque
409 3895 501 3965 caput
521 3885 645 3943 Sultano
660 3884 837 3945 offerretur:
859 3883 905 3942 sin
933 3883 991 3943 tria
1014 3883 1162 3941 duntaxat
1176 3885 1228 3936 aut

68 3979 214 4050 quatuor
229 3979 328 4028 essent
347 3972 506 4050 mancipia,
525 3970 712 4047 singulorum
730 3970 848 4029 nomine
865 3969 960 4029 XXV.
978 3967 1060 4047 aspri
1074 3966 1228 4025 solveran-

20 4119 24 4134 ζ
64 4060 140 4114 tur.
183 4053 224 4114 Ili
242 4053 425 4115 Noniadibus
440 4077 494 4116 sau
507 4055 646 4135 agricolis
662 4055 825 4115 traduntur
846 4052 1006 4113 discendae
1020 4053 1139 4128 linguae
1154 4048 1229 4105 Tur-

3 4102 31 4175 &
60 4140 169 4282 ἔὶοαιο
186 4148 217 4198 et
236 4138 391 4287 revligiontis
407 4141 634 4286 Mnssunllzmm
650 4161 761 4286 umal
780 4155 810 4240 et
825 4141 913 4284 punitp
928 4131 1229 4299 uliqutppagtaptgeertzd

103 4247 141 4283 or·
156 4245 204 4282 ani
226 4244 258 4284 re
281 4247 357 4286 ocan
373 4248 427 4303 ur,
487 4248 532 4287 ern
549 4247 688 4286 'arorurn
710 4248 729 4286 o
753 4248 812 4286 rcro
841 4246 898 4285 unc
916 4245 972 4284 urs.
1218 4256 1230 4270 ·

64 4322 151 4370 rum
179 4311 390 4375 collectionem
411 4308 632 4394 παιὸυμάζωμα
652 4323 743 4374 vocat
768 4316 912 4374 Contares
931 4310 964 4370 iu
983 4309 1063 4370 fliat.
1087 4304 1231 4367 Athenas.
