2640 5108
194 617 269 690 686
498 618 732 690 NICEPHORI
752 616 992 687 GREGORAE

34 800 63 850 Δ.
76 782 422 869 Μ.6852άπολεξάμενος
447 778 625 869 Σκυθικῆν,
653 786 703 850 καλ
727 779 812 866 μάλα
838 779 952 864 άλλην,
981 778 1037 846 οῦκ
1059 778 1134 844 άνίει
1162 776 1291 862 πέμπων

65 869 187 992 hssffgw
194 894 289 976 ῶλλην
304 891 354 955 ἐπ’
376 890 454 976 άλλη
469 887 566 972 συχνδ
580 888 657 974 πρὸς
672 887 848 971 πολιορκίαν
862 883 973 958 αῦτῶν,
1002 880 1068 971 (ς’.)
1079 880 1165 946 Ἀλλ’
1184 883 1288 946 ἐκεῖνοι

196 996 253 1071 τδς
283 991 421 1070 ἐπάλξεις
443 992 569 1057 ἔνδοθεν
594 987 845 1077 καταφράξαντες
865 983 996 1071 ἀνδράσι
1025 988 1076 1051 καλ
1105 983 1212 1060 όπλοις
1239 987 1290 1049 καὶ

193 1105 271 1164 πάσι
293 1088 518 1180 μηχανήμασιν
534 1091 693 1178 ἐκηθόλοις
723 1090 821 1156 πολλὰ
852 1096 914 1155 τῶν
937 1093 1100 1154 Σκυθικῶν
1122 1086 1291 1171 κατεγίλων

193 1206 301 1285 βελῶν,
328 1199 430 1274 άλλως
449 1223 482 1262 τε
505 1200 555 1261 καὶ
581 1200 905 1279 θαλαττοκρατοῦντες
932 1190 1046 1272 αῦτοδ,
1074 1192 1125 1255 καλ
1149 1189 1289 1273 τὴντῶν

195 1304 371 1387 ἐπιτηδείων
394 1301 551 1387 ἀφθονίαν
575 1301 608 1364 ἐκ
632 1295 796 1380 θαλάσσης
821 1292 1069 1377 ἐσκομιζόμενοι·,
1097 1295 1166 1377 περὶ
1188 1293 1291 1377 ἐλαχί-

97 1490 99 1499 Ι
195 1430 270 1472 στου
285 1403 342 1480 τὰς
363 1410 425 1470 τῶν
442 1409 578 1471 Σκυθῶν
601 1398 732 1488 ἐφόδους
751 1424 784 1464 τε
804 1401 856 1465 καὶ
875 1392 1215 1484 περιστρατοπεδεύσας
1231 1396 1291 1460 ἐτί-

194 1514 306 1573 θεντο·
332 1509 382 1573 καλ
397 1504 433 1573 τό
449 1532 481 1592 γε
501 1508 619 1589 μεῖζον,
648 1502 694 1569 ότι
709 1499 844 1591 τριήρεσι
862 1503 1016 1575 πλείσταις
1031 1498 1244 1585 περιπλέοντές
1260 1523 1291 1563 τε

136 1605 139 1610 ’
169 1613 248 1675 Βκαλ
279 1611 505 1697 παραπλέοντες
534 1614 637 1673 πᾶσαν
661 1607 717 1690 τὴν
737 1612 801 1670 τῶν
829 1609 965 1671 Σκυθῶν
993 1605 1149 1688 παραλίαν
1167 1597 1225 1666 δόο
1253 1600 1292 1666 τδ

190 1710 394 1798 χαλεπῶτατά
406 1736 493 1799 σφισι
508 1710 707 1798 προῦξένουν·
732 1705 766 1774 ἐν
778 1708 844 1791 μὲν,
861 1705 907 1772 ότι
920 1709 1049 1790 μηδαμῆ
1065 1706 1222 1789 καταίρειν
1231 1710 1292 1770 τῶν

192 1823 358 1903 φορτηγῶν
377 1812 516 1882 ὁλκάδων
541 1812 598 1878 οῦδ
604 1813 613 1837 ’
630 1808 771 1896 ἡντινοῦν
789 1808 980 1896 συνεχώρουν
1003 1808 1119 1894 άγορῦς
1138 1809 1190 1872 καλ
1210 1803 1292 1902 πρά-

195 1944 273 1996 σεως
298 1921 401 1985 ἕνεκα·
429 1917 446 1983 δ
468 1915 592 2003 σφόδρα
612 1917 741 1990 ἐκείνους
762 1911 860 1978 ἐλόπει
867 1961 878 1992 ,
906 1909 943 1979 τό
949 1936 996 1999 ,τε
1018 1917 1193 1995 περιττεῦον
1219 1906 1292 1975 άνό-

101 2033 288 2104 ι’.348νητον
314 2020 440 2105 ἔχοντας
462 2021 512 2084 καλ
533 2019 569 2084 τό
588 2019 688 2084 ἐνδίον
710 2013 924 2100 δνεπινόητον·
952 2011 1093 2100 διάτερον
1110 2012 1157 2092 δ’,
1182 2009 1229 2077 ότι
1242 2015 1292 2076 καλ

193 2131 257 2189 τῶν
276 2130 351 2187 νεῶν
365 2125 554 2206 ἐκπηδῶντες
574 2123 666 2186 ἐνίοτε
692 2123 742 2185 καὶ
766 2121 887 2202 ἐνιαχοῦ
909 2117 1025 2201 πολλὴν
1040 2118 1074 2181 ἐκ
1098 2121 1154 2199 τῆς
1171 2122 1292 2182 Σκυθι-

192 2231 249 2308 κῆς
264 2231 397 2309 κατῆγον
411 2224 466 2308 τὴν
482 2226 564 2289 λείαν
584 2226 615 2298 ἐς
631 2223 688 2299 τὰς
699 2220 848 2309 τριήρεις·
876 2217 918 2298 ῶς
932 2216 1169 2305 ἀπεστράφθαι
1183 2218 1223 2283 τὰ
1237 2225 1292 2301 τῆς

166 2328 374 2412 ὓπολισρκίας
400 2330 450 2393 καὶ
476 2333 706 2413 πολιορκεῖσθαι
726 2330 846 2409 μᾶλλον
878 2324 951 2400 τοῦς
974 2320 1104 2397 Σκάθας
1126 2324 1246 2402 δοκεῖν,
1273 2319 1292 2404 ἢ

190 2435 371 2516 πολιορκεῖν.
425 2427 493 2518 (Ζ.)
518 2430 568 2495 Ἔν
594 2430 633 2513 δὴ
656 2441 719 2506 τοῖς
739 2425 892 2503 τοιούτοις
912 2431 1034 2513 μακροῦ
1055 2423 1172 2508 μεταξδ
1185 2431 1292 2509 τρηθσ·

189 2532 282 2614 μίνου
302 2540 358 2597 τοῦ
378 2530 514 2619 χρόνου,
542 2535 629 2599 σίτου
653 2559 684 2598 τε
699 2529 805 2598 σπάνει
821 2530 878 2607 τάς
886 2526 1045 2610 Ῥωμαίων
1064 2527 1219 2606 πιίζεσθοι
1236 2523 1293 2592 πό-

190 2639 251 2710 λεις
277 2638 327 2699 καὶ
351 2633 410 2702 ὅσα
438 2643 501 2702 τῶν
522 2643 708 2722 ταριχευτῶν
731 2635 889 2716 ἐδωδίμων
913 2634 946 2696 ἐκ
969 2638 1026 2715 τῆς
1041 2626 1226 2706 Μαιώτιδος
1243 2631 1294 2693 καὶ

189 2743 252 2802 τῶν
266 2735 386 2822 ἐγγιστα
401 2745 549 2821 ποταμῶν
566 2739 750 2822 συνηνέχθη.
773 2733 992 2818 1δ’ξεστιμέντοι
1008 2729 1191 2816 θαυμάζειν,
1213 2728 1291 2797 δπό-

193 2864 261 2912 σοις
273 2839 317 2922 μὴ
334 2842 541 2906 διασέσεισταί
552 2866 617 2917 πως
637 2840 674 2906 τό
691 2835 883 2924 λογιζόμενον
895 2844 952 2921 τῆς
966 2842 1087 2921 ψυχῆς,
1116 2834 1201 2912 ὅπως
1213 2835 1293 2900 sino-

192 2944 386 3024 κλεισθείσης
413 2939 526 3008 οῦτωσλ
555 2950 611 3025 τῆς
630 2942 752 3007 άνωθεν
773 2942 997 3022 σιτοπομπίας,
1032 2939 1177 3023 ἐμέλησεν
1199 2937 1293 3014 εῦθδς

162 3049 235 3128 Duff]
253 3047 382 3134 προνοίη
411 3047 613 3126 σιτοπομπίας
637 3042 743 3130 ἕτέρας
765 3043 930 3133 ’ῶνεφγέναι
959 3039 1074 3129 θόρον.
1105 3039 1207 3105 Ἰωνία
1235 3039 1293 3126 γάρ

192 3148 243 3210 καὶ
272 3149 393 3232 Φρυγία
414 3150 466 3213 καλ
491 3142 569 3234 πρός
591 3171 624 3233 γε
647 3148 803 3229 Βιθυνία,
840 3149 891 3211 καλ
923 3144 997 3212 ὅσον
1023 3144 1158 3212 ἐπέκεινα
1189 3150 1293 3231 χῶρον

193 3381 244 3430 tem
261 3376 341 3448 legit3
359 3385 412 3432 tum
425 3379 499 3433 aliam
514 3379 602 3432 statim
617 3379 752 3450 adiungit,
769 3395 818 3434 nso
830 3383 917 3434 cessat
930 3377 996 3431 aiios
1011 3393 1090 3460 super
1107 3375 1172 3429 aiios
1193 3375 1293 3430 mittero

192 3448 282 3500 urbem
300 3449 456 3502 obsessuros.
493 3448 569 3517 (Vi.)
585 3452 620 3502 At
633 3450 660 3502 hi
676 3450 772 3503 munito
786 3450 925 3502 introrsum
942 3447 1008 3500 vallo
1024 3447 1087 3500 viris
1103 3445 1249 3514 annisque,
1265 3463 1293 3497 ao

192 3518 327 3569 tormentis
342 3518 533 3587 cuiusquemodi
549 3518 702 3583 missilibus,
727 3519 850 3587 Scythica
870 3519 925 3571 teia
941 3533 1047 3586 prorsus
1064 3513 1219 3568 irridebant.
1254 3513 1293 3567 Ad

192 3583 266 3667 liaeo,
276 3586 336 3653 quia
348 3586 426 3638 maris
438 3588 544 3656 imperio
552 3587 730 3708 Xotiebabtun
742 3598 861 3641 eteorum
874 3587 1074 3639 neomeniarum
1085 3583 1184 3652 copiam
1198 3600 1293 3636 omnem

129 3685 133 3700 ,
193 3653 243 3733 ssbr
256 3654 315 3707 rude
328 3657 524 3723 comparabant,
542 3656 551 3707 i
570 3657 639 3709 circo
656 3659 813 3726 Scytharum
830 3657 952 3724 impetum
967 3664 994 3707 et
1008 3655 1205 3710 circumstantes
1221 3670 1293 3705 exer·

194 3730 261 3773 ortus
275 3723 370 3775 minimi
385 3723 530 3777 iaciebaute
554 3732 581 3777 et
593 3727 661 3795 quod
678 3726 760 3778 maius
772 3732 826 3787 est,
843 3724 992 3777 triremibus
1008 3721 1199 3792 quamplurimis
1215 3728 1293 3775 totum

193 3789 347 3871 Scytharum
367 3793 515 3845 maritimam
533 3811 603 3847 oram
621 3795 717 3848 circum
733 3813 765 3847 uc
779 3800 883 3863 praeter
897 3793 984 3855 vecti,
1002 3791 1128 3861 duplicem
1143 3789 1293 3844 iuismote·

194 3866 269 3911 stram
281 3876 387 3928 eamque
401 3862 531 3914 maximam
546 3865 714 3917 exhibebant:
733 3864 814 3932 primo
830 3863 891 3931 quia
906 3879 1028 3929 nusquam
1046 3860 1176 3929 appellere
1195 3858 1293 3912 emendi

194 3929 365 3981 accendendi
384 3946 462 3982 causa
478 3932 642 4000 patiebantur
657 3950 747 3984 navem
762 3932 838 3985 uliam
853 3930 1010 3992 onerariam
1028 3931 1097 3999 quod
1112 3929 1175 3980 istoa
1192 3929 1293 3997 quidem

192 3995 268 4049 valde
280 3998 400 4064 augebat,
412 3999 505 4068 quibus
518 4002 619 4054 minime
632 4001 695 4054 utile
709 4010 779 4053 esset
792 4000 829 4062 id,
845 4016 896 4069 qno
911 3999 1078 4060 abundarent,
1091 4014 1122 4050 ac
1133 3995 1236 4049 minime
1249 4014 1293 4066 pa·

191 4065 322 4148 rabiiejd,
341 4085 391 4135 quo
404 4078 525 4136 egerent:
540 4070 633 4124 deiude
647 4071 709 4138 quia
722 4070 829 4122 navibus
845 4068 993 4121 exsilientes
1012 4065 1149 4150 aliquando
1169 4074 1197 4117 et
1217 4067 1293 4119 certis

192 4149 219 4185 sn
240 4134 303 4186 loma
319 4137 423 4189 multum
446 4138 557 4207 praedae
571 4157 603 4192 ox
616 4139 725 4208 Scythia
744 4140 856 4205 agebant
870 4138 897 4189 in
908 4138 1041 4201 triremem
1058 4144 1097 4188 sta
1109 4143 1138 4187 ut
1152 4134 1293 4189 obsidionis

192 4202 255 4255 ordo
276 4204 451 4259 inverteretur
467 4214 496 4260 et
514 4209 596 4278 magis
615 4208 729 4261 obsideri
748 4208 863 4276 Scythae
882 4206 1048 4269 uiderentur,
1073 4221 1149 4274 quarn
1165 4203 1293 4258 obsidere

190 4271 278 4339 (vn.)
295 4273 326 4325 ln
340 4273 381 4326 bia
395 4292 452 4329 uum
468 4284 537 4331 esset
556 4277 659 4331 multum
673 4284 774 4360 tempus
786 4282 974 4344 consumptum,
993 4291 1103 4343 coepere
1120 4272 1224 4325 interim
1242 4274 1293 4329 Ro·

189 4356 278 4393 manno
292 4343 370 4395 urbes
384 4343 501 4399 laborare
514 4345 602 4416 iuopia
616 4347 735 4398 frumenti
752 4352 780 4397 et
794 4360 881 4397 eorum
895 4344 1068 4406 cibariorum,
1085 4359 1153 4412 quae
1165 4342 1221 4396 sale
1234 4360 1293 4396 oon·

189 4407 246 4460 dita
258 4426 290 4493 σε
305 4412 436 4493 iiiaootide
449 4415 594 4485 vicinisque
609 4413 698 4466 fluviis
709 4413 862 4468 afferuntur.
896 4414 1033 4466 Caeterum
1051 4412 1081 4474 ii,
1099 4426 1207 4492 quorum
1223 4411 1293 4465 inco·

189 4476 256 4530 iume
270 4479 392 4533 iudicium
408 4489 463 4544 eat,
480 4483 568 4535 mirari
585 4483 700 4551 possint,
717 4481 843 4551 quomodo
861 4480 1006 4535 interclusio
1021 4482 1063 4543 iis,
1077 4497 1122 4548 qur
1139 4486 1220 4533 antea
1233 4480 1293 4534 iuis·

189 4555 257 4609 sent,
270 4550 451 4603 commeatibus
463 4551 593 4605 curaverit
604 4551 691 4602 statim
701 4548 878 4615 Providentia,
891 4556 920 4602 ut
932 4551 975 4604 via
989 4549 1040 4603 alia
1052 4555 1156 4618 pateret
1169 4549 1293 4603 immarus

188 4615 349 4672 advehendo.
383 4618 457 4673 Ionia
478 4621 546 4674 euim
568 4626 596 4674 ot
614 4619 745 4691 Phrygia,
770 4637 801 4677 nc
820 4626 958 4691 praetereo
976 4617 1118 4690 biunna,
1135 4626 1165 4674 ot
1176 4636 1293 4690 agrorum
