2700 5092
178 623 253 696 ooo
480 608 713 697 aucaouom
734 608 974 694 GREGORAE

15 815 45 866 Δ.
58 811 171 868 lt6850
178 789 322 881 καθάπερ
343 787 504 876 δεσμώτην
522 787 790 872 διακελευομίνας·
822 788 877 855 τόν
894 787 927 854 δ’
946 786 1032 878 nitigi
1051 793 1284 879 προσανέχοντα

48 883 316 1005 ΙΙΙῗβὲγὸστρατόν
342 897 398 980 τήν
420 897 570 979 ταχίστην
590 888 812 974 ἓπανακιίμψαι
830 891 909 975 πρὸς
929 891 965 957 τό
983 893 1163 973 Βυζάντιον.

107 990 113 1002 ’
154 1038 178 1092 Β
257 997 309 1066 ια’.
340 1000 381 1065 Oi
395 999 453 1082 μίν
468 989 524 1064 οὖν
546 998 578 1062 ἐν
594 997 754 1084 Βυζαντίῳ
768 991 896 1079 λογάδες
910 1000 973 1061 τῶν
987 1002 1043 1061 τοῦ
1058 1001 1286 1088 Καντακουζηὲ

177 1110 234 1170 νοῦ
247 1105 346 1191 φίλων
362 1103 414 1166 καλ
431 1106 581 1186 συγγενῶν
589 1149 600 1180 ,
626 1101 678 1164 καὶ
692 1099 750 1164 σόν
764 1098 870 1173 αὐτοῖς
882 1098 955 1164 ίνιοι
969 1105 1032 1165 τῶν
1046 1100 1149 1178 ι’ίλλως
1163 1127 1286 1189 προση-

179 1204 314 1287 κόντων,
342 1206 497 1278 δείσαντες
509 1202 554 1287 μή
568 1202 642 1268 κατ’
659 1200 758 1288 ἄνδρα
779 1199 1066 1285 συλλαμβανόμενοι
1089 1212 1147 1289 τῆς
1163 1201 1308 1270 ἕαυτῶνὸ

82 1329 112 1382 v,
122 1330 174 1386 307
182 1309 310 1396 ἀνδρίας
331 1305 442 1384 ἆνόξια
466 1302 594 1372 πόθωσι
602 1353 613 1385 ,
640 1306 900 1390 συναθροίζονταί
917 1330 951 1370 τε
963 1305 1041 1392 πρὸς
1056 1304 1124 1383 ἑνός
1140 1332 1226 1383 τινος
1239 1305 1275 1374 ol
1291 1330 1293 1338 ⁸

180 1438 235 1479 κον
260 1414 312 1477 καὶ
338 1405 626 1496 κοινολογησάμενοι
644 1403 864 1495 πρεσβεύονται
880 1404 957 1494 πρός
978 1434 1010 1474 τε
1025 1410 1080 1476 τόν
1092 1408 1290 1497 πατριάρχην

181 1519 231 1580 καλ
257 1515 313 1581 τόν
331 1511 524 1602 Ἀπόκαυκον
549 1513 616 1599 περὶ
638 1517 695 1577 τοῦ
716 1510 761 1595 μή
785 1516 898 1576 παθεῖν
918 1535 949 1576 τι
976 1517 1040 1579 τῶν
1070 1514 1290 1601 φημιζομένων

155 1622 310 1689 οιλεινῶν·
335 1615 488 1703 μηδὲγὰρ
507 1614 545 1680 ἂν
566 1613 730 1692 ἀνίξεσθαι
752 1610 934 1700 παραλόγως
958 1611 1076 1682 οὖτωσί
1086 1642 1152 1692 πως
1167 1616 1290 1702 ἀγεννές

182 1746 212 1787 τι
235 1723 307 1808 πρὶν
328 1723 441 1809 δρᾶσαι
462 1724 591 1784 παθεῖν·
624 1717 697 1794 τοὺς
721 1716 754 1783 d'
778 1715 1007 1803 ἀποκρίνασθαι
1021 1720 1078 1803 μὲν
1095 1718 1186 1786 οὐδὲν
1209 1719 1290 1806 πρὸς
1298 1723 1331 1778 10

183 1822 314 1901 αὗτοός·
339 1823 525 1907 πίμψαντας
552 1819 587 1886 δ’
610 1819 671 1886 ἀντὶ
701 1826 764 1885 πᾶν
785 1819 820 1886 τό
849 1817 1019 1901 Βυζόντιον
1050 1822 1211 1888 ἀνασεῖσαι
1233 1822 1290 1889 τὸν

182 1927 274 2011 όχλον
297 1927 348 1993 διὰ
369 1933 433 1993 τῶν
459 1921 644 2009 δημάρχων,
672 1925 725 2016 καὶ
745 1921 913 2009 ἀναφλίξαι
935 1925 991 2009 τήν
1013 1923 1125 2012 ι’ίλογον
1142 1928 1194 1991 καλ
1208 1923 1290 1991 εἶτα·

181 2033 306 2115 μίεατον
324 2036 382 2094 τοῦ
405 2025 507 2112 δήμου
526 2027 628 2114 φορὰν
651 2026 725 2093 κατ’
752 2026 856 2092 αὐτῶν
869 2024 990 2109 τόξοις,
1018 2033 1070 2093 καὶ
1092 2030 1208 2116 Ιξίφεσι,
1238 2031 1291 2093 καλ

179 2132 398 2220 χειροπληθέσι
408 2131 589 2217 χερμαδίοις
604 2140 669 2207 τοῖς
688 2136 904 2218 προστυχοῦσι.
939 2129 1009 2219 (Β.)
1028 2137 1130 2198 Τοῦτο
1146 2131 1186 2216 δή
1202 2131 1292 2217 παρὰ

149 2243 287 2309 »πᾶσαν
312 2237 424 2300 ἐλπίδα
447 2233 612 2316 βλέποντες
639 2235 746 2299 ἐκεῖνοι
753 2282 765 2314 ,
792 2239 850 2299 τοῦ
867 2228 1011 2317 πλήθους
1025 2233 1086 2319 ήδη
1106 2233 1334 2322 συρρίοποςλδ

182 2339 235 2404 ἐπ’
261 2337 375 2413 adroic
395 2337 475 2403 κατὰ
501 2336 663 2420 ’ποταμοὺς
691 2338 742 2402 καὶ
771 2332 872 2420 σμήνη
894 2341 1048 2420 μελισσῶν
1077 2340 1128 2403 καὶ
1150 2338 1293 2424 χειμίρια

181 2439 333 2526 πελάγους
356 2435 508 2523 κ’όματα,
541 2435 712 2525 δραμόντες
741 2436 967 2523 ἅνεμόχλενσαν
995 2441 1071 2524 μίαν
1101 2440 1199 2516 εὔθελς
1227 2447 1294 2507 τῶν

183 2545 218 2609 isc
238 2549 355 2609 πολλοῦ
378 2541 594 2626 κεκλεισμένων
613 2550 670 2610 τοῦ
691 2543 808 2627 τείχους
834 2549 962 2609 πυλῶν·
999 2534 1141 2610 κάκεῖθεν
1162 2539 1294 2620 ἐξιόντες

183 2645 299 2736 ᾤχοντο
322 2645 454 2724 ἅπαντες
476 2646 642 2730 ἀβλαβεῖς,
679 2649 730 2712 καλ
743 2642 820 2733 όπίρ
835 2642 982 2730 ἑξήκοντά
1001 2671 1062 2713 που
1078 2646 1133 2714 τὸν
1150 2644 1294 2733 ἀριθμὸν

181 2747 379 2837 ὖπόρχοντες.
406 2749 464 2834 τήν
485 2750 544 2833 μὲν
559 2743 614 2815 οὗν
637 2747 770 2835 ἔσπίραν
791 2749 922 2832 ἐκείνην,
949 2752 1000 2814 καλ
1016 2747 1083 2834 ίίμα
1099 2747 1157 2834 τήν
1180 2751 1338 2838 {pogiis-20

182 2850 301 2938 ήμίραν
316 2852 386 2940 ι’ίχρι
400 2854 502 2935 δείλης
515 2851 629 2935 ίαμίας,
657 2852 689 2917 ἐν
708 2849 757 2915 ἕνί
766 2875 825 2916 τινι
841 2848 936 2940 χιόρῳ
960 2858 1024 2919 τῶν
1043 2859 1100 2919 τοῦ
1117 2854 1293 2931 Βυζαντίου

161 2953 359 3040 Εηῦλίσαντο
382 2956 590 3042 προαστείων,
628 2954 838 3040 περιμένοντες
861 2953 936 3030 ἴσως
953 2957 987 3020 ίκ
1000 2958 1171 3036 Βυζαντίου
1191 2952 1294 3043 πρᾶόν

182 3083 252 3124 τινα
267 3060 318 3122 καὶ
333 3057 410 3144 πρὸς
425 3053 549 3141 εἰρήνην
563 3055 718 3139 βλίποντα
731 3053 831 3142 λόγον.
859 3056 923 3123 ἐπεὶ
938 3059 972 3124 d'o'
987 3055 1045 3143 τήν
1057 3084 1090 3125 τε
1107 3065 1170 3125 τῶν
1187 3063 1294 3126 οἰκιῶν

183 3162 338 3249 cipridem*
362 3162 544 3249 καθαίρεσιν
572 3165 660 3247 σφῶν
681 3156 879 3245 η’κηκόεισαν,
915 3164 965 3226 καλ
983 3161 1148 3249 ἀπαγωγήν
1165 3164 1216 3228 καὶ
1233 3160 1294 3247 τλή-

182 3341 289 3379 earcere
300 3323 435 3390 iuberent;
452 3322 594 3380 exercitum
607 3327 702 3388 καὶαπ,
719 3340 794 3394 quem
807 3323 851 3378 ille
864 3323 913 3378 sibi
928 3323 1040 3379 babebat
1057 3324 1197 3391 addictum,
1215 3343 1295 3396 qnam

183 3394 316 3448 celerrime
328 3395 483 3462 Byzantium
501 3393 612 3463 regredi,
624 3395 790 3463 imperarent.

255 3469 296 3520 11.
312 3464 395 3517 Amici
410 3463 500 3532 itaque
516 3463 687 3533 cognatique,
709 3481 772 3533 quos
786 3464 985 3516 Centaeuzenns
1000 3462 1153 3517 lectissimos
1169 3464 1295 3534 Byzantii

182 3531 306 3598 babebat,
323 3539 350 3586 et
361 3550 416 3585 cum
434 3533 474 3584 bia
488 3532 602 3585 nonnulli
616 3549 704 3585 eorum
719 3533 765 3602 qui
781 3532 832 3586 alia
844 3531 1031 3586 necessitudine
1044 3550 1101 3587 enm
1114 3535 1293 3602 attingebant,

182 3609 341 3664 metuentes,
360 3620 392 3655 ne
408 3601 501 3670 singuli
519 3601 696 3671 comprehensi
715 3600 825 3654 fortibus
841 3601 906 3654 virle
925 3601 1033 3669 indigna
1047 3609 1212 3671 paterentur,
1228 3621 1296 3656 con·

182 3670 289 3723 veniunt
306 3671 334 3723 in
347 3670 421 3722 unius
440 3669 570 3723 cuiusdam
584 3672 672 3724 aedes.
707 3671 747 3724 lbi
767 3671 946 3740 colloquuntur
964 3671 1034 3723 inter
1051 3689 1095 3735 ss,
1112 3672 1244 3741 alienaque
1258 3672 1294 3726 ad

181 3739 356 3808 patriarcham
380 3745 409 3791 et
426 3742 588 3809 Apocaucum
609 3739 739 3810 legatione
756 3740 902 3809 postulant,
920 3756 953 3792 ne
970 3757 1056 3793 eorum
1070 3741 1206 3804 malorum,
1224 3758 1295 3810 quae

182 3808 252 3860 fama
265 3808 317 3861 iam
330 3807 507 3873 nunciaverit,
525 3808 604 3862 ullum
616 3810 666 3862 sibi
680 3809 824 3862 inferaturz
841 3826 889 3862 nee
904 3808 969 3861 enim
982 3826 1027 3863 eos
1040 3827 1098 3862 esse
1110 3828 1148 3873 ιε,
1166 3812 1211 3880 qui
1224 3811 1294 3864 citra

181 3876 259 3929 ullam
280 3876 405 3930 rationem
422 3878 556 3946 indignum
573 3878 685 3948 aliquid,
702 3886 837 3947 antequam
852 3878 977 3941 iecerint,
994 3878 1096 3947 passui
1109 3879 1170 3932 siut.
1205 3884 1241 3933 At
1254 3880 1294 3932 illi

182 3945 220 3997 nil
235 3945 273 3998 eis
286 3945 459 4015 respondere:
476 3948 524 4000 aed
537 3947 659 4000 mandata
671 3965 719 4018 per
734 3953 815 4000 totum
828 3947 982 4016 Byzantium
994 3947 1111 4001 mitteret
1130 3947 1229 4017 plebem
1244 3965 1295 4018 par

184 4015 304 4067 tribunos
322 4013 449 4068 incitare:
473 4033 576 4070 caecum
592 4023 670 4087 atque
687 4016 826 4069 effraenem
841 4015 914 4085 vulgi
932 4016 1052 4084 impetum
1064 4017 1204 4071 incendere
1222 4018 1295 4080 telis,

184 4081 296 4152 gladiis,
318 4101 349 4137 ac
363 4084 500 4139 missilibus
515 4085 650 4155 lapidibus.
686 4086 749 4154 (ΙΙ.)
768 4085 845 4150 Quod
862 4101 919 4137 cam
935 4085 980 4138 isti
992 4089 1096 4154 praeter
1109 4103 1181 4156 spem
1195 4104 1294 4140 omnem

183 4155 360 4216 intuerentur,
378 4153 540 4208 multitudine
557 4155 679 4208 torrentia
697 4155 796 4217 instar,
819 4170 929 4223 opumve
949 4155 1091 4220 examinis,
1113 4162 1158 4209 aut
1171 4155 1295 4209 bibemo-

184 4236 240 4303 [ουρ
253 4221 340 4304 pelagi
354 4221 493 4286 fluctuum,
513 4224 564 4276 iam
576 4224 739 4288 confluente,
756 4240 895 4276 cucurrere
906 4222 1026 4305 adunam
1041 4240 1215 4307 cumanorum
1232 4242 1296 4306 por·

98 4345 99 4348 ,
184 4294 219 4342 us
232 4291 380 4360 iampridem
395 4291 504 4356 clausis,
523 4309 606 4363 eaque
624 4293 712 4346 statim
730 4302 846 4346 reserata
895 4309 961 4345 roam
974 4310 1061 4347 omues
1075 4293 1214 4346 incolumes
1232 4294 1298 4348 sude

183 4366 336 4424 eraserunt,
352 4360 404 4413 riri
415 4362 508 4432 opinor
519 4361 577 4431 plus
589 4379 664 4432 quam
677 4361 823 4430 sexaginta.
886 4369 968 4414 netem
980 4361 1069 4431 itaque
1084 4362 1163 4426 illam,
1179 4380 1211 4415 ac
1225 4363 1294 4417 diem

182 4435 332 4497 sequentem
348 4429 382 4482 ad
397 4448 534 4501 vesperam
553 4447 651 4498 uque,
674 4429 702 4483 iu
720 4431 865 4483 suburbano
879 4431 987 4500 quodem
1000 4430 1108 4500 praedio
1123 4445 1295 4496 manseruut3

57 4533 68 4550 .
181 4495 294 4549 sortasse
314 4504 511 4569 exspectantes,
529 4499 614 4567 quoad
628 4499 755 4570 benignum
776 4498 869 4568 aliquia
888 4507 916 4552 ct
935 4499 1007 4568 pacis
1025 4507 1117 4553 auctor
1137 4501 1245 4554 nunnius
1261 4520 1295 4555 ex

181 4563 255 4618 Urbe
269 4567 415 4622 afferretur.
450 4569 589 4636 Postquam
604 4577 688 4623 autem
701 4577 728 4621 et
741 4569 871 4622 domorum
884 4585 985 4623 auarum
1003 4568 1114 4622 subitam
1133 4570 1294 4624 eversionem

180 4636 359 4704 rescivemnt,
375 4636 595 4707 direptionemque
610 4646 637 4691 et
651 4637 848 4710 publicationem
860 4637 899 4692 rei
915 4637 1064 4702 ῖειοὶλίκτίε,
1082 4638 1167 4692 omnia
1181 4639 1295 4710 denique
