<?xml version="1.0" encoding="UTF-8"?>
<!DOCTYPE html PUBLIC "-//W3C//DTD XHTML 1.0 Transitional//EN"
    "http://www.w3.org/TR/xhtml1/DTD/xhtml1-transitional.dtd">
<html xmlns="http://www.w3.org/1999/xhtml" xml:lang="en" lang="en">
 <head>
  <title>
</title>
<meta http-equiv="Content-Type" content="text/html;charset=utf-8" />
  <meta name='ocr-system' content='tesseract 3.04.00' />
  <meta name='ocr-capabilities' content='ocr_page ocr_carea ocr_par ocr_line ocrx_word'/>
</head>
<body>
  <div class='ocr_page' id='page_1' title='image "./nicephorigregor02schogoog_0305.png"; bbox 0 0 2566 5094; ppageno 0'>
   <div class='ocr_carea' id='block_1_1' title="bbox 206 589 1013 689">
    <p class='ocr_par' dir='ltr' id='par_1_1' title="bbox 206 589 1013 689">
     <span class='ocr_line' id='line_1_1' title="bbox 206 589 1013 689; baseline 0.005 -25"><span class='ocrx_word' id='word_1_1' title='bbox 206 589 286 666; x_wconf 82' lang='grc' dir='ltr'><strong><em>σιο</em></strong></span> <span class='ocrx_word' id='word_1_2' title='bbox 508 594 1013 689; x_wconf 75' lang='lat' dir='ltr'>nrcnrnonnnnnnoanm</span> 
     </span>
    </p>
   </div>
   <div class='ocr_carea' id='block_1_2' title="bbox 43 760 1280 3236">
    <p class='ocr_par' dir='ltr' id='par_1_2' title="bbox 43 760 1280 3236">
     <span class='ocr_line' id='line_1_2' title="bbox 43 760 1273 850; baseline -0.001 -19"><span class='ocrx_word' id='word_1_3' title='bbox 43 779 73 831; x_wconf 72' lang='lat' dir='ltr'>t</span> <span class='ocrx_word' id='word_1_4' title='bbox 85 780 119 832; x_wconf 82' lang='lat' dir='ltr'><strong><em>it</em></strong></span> <span class='ocrx_word' id='word_1_5' title='bbox 132 779 202 836; x_wconf 79' lang='lat'><strong>6858</strong></span> <span class='ocrx_word' id='word_1_6' title='bbox 209 767 243 834; x_wconf 89' lang='grc' dir='ltr'><strong><em>δέ</em></strong></span> <span class='ocrx_word' id='word_1_7' title='bbox 254 761 314 844; x_wconf 86' lang='grc' dir='ltr'><strong><em>τάς</em></strong></span> <span class='ocrx_word' id='word_1_8' title='bbox 326 789 360 832; x_wconf 90' lang='grc' dir='ltr'><strong><em>τε</em></strong></span> <span class='ocrx_word' id='word_1_9' title='bbox 375 761 632 850; x_wconf 67' lang='grc' dir='ltr'><strong><em>νενεωλκημένας</em></strong></span> <span class='ocrx_word' id='word_1_10' title='bbox 651 764 686 830; x_wconf 88' lang='grc' dir='ltr'><strong><em>ἐκ</em></strong></span> <span class='ocrx_word' id='word_1_11' title='bbox 699 768 834 830; x_wconf 74' lang='grc' dir='ltr'><strong><em>παλαιοῦ</em></strong></span> <span class='ocrx_word' id='word_1_12' title='bbox 853 770 917 832; x_wconf 90' lang='grc' dir='ltr'><strong><em>τῶν</em></strong></span> <span class='ocrx_word' id='word_1_13' title='bbox 930 771 1008 832; x_wconf 92' lang='grc' dir='ltr'><strong><em>νεῶν</em></strong></span> <span class='ocrx_word' id='word_1_14' title='bbox 1021 760 1210 843; x_wconf 74' lang='grc' dir='ltr'><strong><em>καθελκύσας</em></strong></span> <span class='ocrx_word' id='word_1_15' title='bbox 1229 765 1273 831; x_wconf 81' lang='grc' dir='ltr'><strong><em>ἐτι·</em></strong></span> 
     </span>
     <span class='ocr_line' id='line_1_3' title="bbox 84 853 1276 975; baseline -0.003 -37"><span class='ocrx_word' id='word_1_16' title='bbox 84 853 337 975; x_wconf 57' lang='lat' dir='ltr'><strong><em>¹¹¹⁶·313mmiati</em></strong></span> <span class='ocrx_word' id='word_1_17' title='bbox 354 893 388 936; x_wconf 87' lang='grc' dir='ltr'><strong><em>τε</em></strong></span> <span class='ocrx_word' id='word_1_18' title='bbox 405 864 676 952; x_wconf 84' lang='grc' dir='ltr'><strong><em>καί,μετεσκεύαζε</em></strong></span> <span class='ocrx_word' id='word_1_19' title='bbox 701 867 780 954; x_wconf 86' lang='grc' dir='ltr'><strong><em>πρὸς</em></strong></span> <span class='ocrx_word' id='word_1_20' title='bbox 795 867 853 952; x_wconf 84' lang='grc' dir='ltr'><strong><em>τὴν</em></strong></span> <span class='ocrx_word' id='word_1_21' title='bbox 870 870 1043 937; x_wconf 75' lang='grc' dir='ltr'><strong><em>ἐνεστῶσαν</em></strong></span> <span class='ocrx_word' id='word_1_22' title='bbox 1062 873 1184 959; x_wconf 87' lang='grc' dir='ltr'><strong><em>χρείαν·</em></strong></span> <span class='ocrx_word' id='word_1_23' title='bbox 1209 869 1276 946; x_wconf 76' lang='grc' dir='ltr'><strong><em>ἄλλος</em></strong></span> 
     </span>
     <span class='ocr_line' id='line_1_4' title="bbox 207 967 1277 1061; baseline -0.004 -18"><span class='ocrx_word' id='word_1_24' title='bbox 207 1002 241 1043; x_wconf 89' lang='grc' dir='ltr'><strong><em>τε</em></strong></span> <span class='ocrx_word' id='word_1_25' title='bbox 254 974 362 1050; x_wconf 82' lang='grc' dir='ltr'><strong><em>καινάς</em></strong></span> <span class='ocrx_word' id='word_1_26' title='bbox 374 967 572 1052; x_wconf 69' lang='grc' dir='ltr'><strong><em>κατεσκεύαζε</em></strong></span> <span class='ocrx_word' id='word_1_27' title='bbox 584 974 708 1047; x_wconf 88' lang='grc' dir='ltr'><strong><em>πλείους</em></strong></span> <span class='ocrx_word' id='word_1_28' title='bbox 720 973 771 1037; x_wconf 87' lang='grc' dir='ltr'><strong><em>καί</em></strong></span> <span class='ocrx_word' id='word_1_29' title='bbox 784 972 907 1055; x_wconf 88' lang='grc' dir='ltr'><strong><em>μείζους</em></strong></span> <span class='ocrx_word' id='word_1_30' title='bbox 921 979 985 1039; x_wconf 87' lang='grc' dir='ltr'><strong><em>τῶν</em></strong></span> <span class='ocrx_word' id='word_1_31' title='bbox 998 976 1072 1061; x_wconf 76' lang='grc' dir='ltr'><strong><em>πρὶν</em></strong></span> <span class='ocrx_word' id='word_1_32' title='bbox 1078 1023 1091 1055; x_wconf 83' lang='grc'><strong><em>,</em></strong></span> <span class='ocrx_word' id='word_1_33' title='bbox 1121 972 1214 1052; x_wconf 84' lang='grc' dir='ltr'><strong><em>ξύλων</em></strong></span> <span class='ocrx_word' id='word_1_34' title='bbox 1225 1000 1277 1039; x_wconf 85' lang='grc' dir='ltr'><strong><em>νου-</em></strong></span> 
     </span>
     <span class='ocr_line' id='line_1_5' title="bbox 206 1073 1279 1166; baseline -0.004 -21"><span class='ocrx_word' id='word_1_35' title='bbox 206 1080 389 1165; x_wconf 87' lang='grc' dir='ltr'><strong><em>πηγησίμων</em></strong></span> <span class='ocrx_word' id='word_1_36' title='bbox 412 1081 534 1160; x_wconf 88' lang='grc' dir='ltr'><strong><em>συχνῶς</em></strong></span> <span class='ocrx_word' id='word_1_37' title='bbox 553 1076 587 1152; x_wconf 79' lang='grc' dir='ltr'><strong><em>ἐξ</em></strong></span> <span class='ocrx_word' id='word_1_38' title='bbox 609 1073 702 1160; x_wconf 79' lang='grc' dir='ltr'><strong><em>ὅρους</em></strong></span> <span class='ocrx_word' id='word_1_39' title='bbox 723 1075 929 1158; x_wconf 87' lang='grc' dir='ltr'><strong><em>κομιζομένων</em></strong></span> <span class='ocrx_word' id='word_1_40' title='bbox 947 1075 1004 1164; x_wconf 82' lang='grc' dir='ltr'><strong><em>ύλη</em></strong></span> <span class='ocrx_word' id='word_1_41' title='bbox 1024 1080 1159 1166; x_wconf 79' lang='grc' dir='ltr'><strong><em>σπουδῇ.</em></strong></span> <span class='ocrx_word' id='word_1_42' title='bbox 1191 1078 1243 1142; x_wconf 86' lang='grc' dir='ltr'><strong><em>ἐπεί</em></strong></span> <span class='ocrx_word' id='word_1_43' title='bbox 1256 1075 1279 1141; x_wconf 82' lang='grc' dir='ltr'><strong><em>δέ</em></strong></span> 
     </span>
     <span class='ocr_line' id='line_1_6' title="bbox 207 1175 1279 1269; baseline -0.004 -19"><span class='ocrx_word' id='word_1_44' title='bbox 207 1186 259 1250; x_wconf 83' lang='grc' dir='ltr'><strong><em>καλ</em></strong></span> <span class='ocrx_word' id='word_1_45' title='bbox 270 1176 440 1269; x_wconf 89' lang='grc' dir='ltr'><strong><em>χρημάτων</em></strong></span> <span class='ocrx_word' id='word_1_46' title='bbox 460 1180 492 1245; x_wconf 90' lang='grc' dir='ltr'><strong><em>ἐν</em></strong></span> <span class='ocrx_word' id='word_1_47' title='bbox 508 1175 631 1255; x_wconf 90' lang='grc' dir='ltr'><strong><em>τούτοις</em></strong></span> <span class='ocrx_word' id='word_1_48' title='bbox 644 1177 720 1259; x_wconf 78' lang='grc' dir='ltr'><strong><em>ἐδει,</em></strong></span> <span class='ocrx_word' id='word_1_49' title='bbox 747 1178 779 1244; x_wconf 73' lang='grc' dir='ltr'><strong><em>οἵ</em></strong></span> <span class='ocrx_word' id='word_1_50' title='bbox 793 1203 827 1244; x_wconf 90' lang='grc' dir='ltr'><strong><em>τε</em></strong></span> <span class='ocrx_word' id='word_1_51' title='bbox 840 1176 988 1264; x_wconf 75' lang='grc' dir='ltr'><strong><em>συνήθεις</em></strong></span> <span class='ocrx_word' id='word_1_52' title='bbox 1003 1177 1098 1267; x_wconf 92' lang='grc' dir='ltr'><strong><em>φύροι</em></strong></span> <span class='ocrx_word' id='word_1_53' title='bbox 1119 1181 1198 1267; x_wconf 77' lang='grc' dir='ltr'><strong><em>πρὸς</em></strong></span> <span class='ocrx_word' id='word_1_54' title='bbox 1211 1179 1279 1263; x_wconf 82' lang='grc' dir='ltr'><strong><em>σύξηι</em></strong></span> 
     </span>
     <span class='ocr_line' id='line_1_7' title="bbox 208 1270 1279 1372; baseline -0.006 -18"><span class='ocrx_word' id='word_1_55' title='bbox 208 1284 358 1372; x_wconf 76' lang='grc' dir='ltr'><strong><em>ἀνήγοντο</em></strong></span> <span class='ocrx_word' id='word_1_56' title='bbox 387 1287 438 1349; x_wconf 78' lang='grc' dir='ltr'><strong><em>καὶ</em></strong></span> <span class='ocrx_word' id='word_1_57' title='bbox 459 1281 524 1366; x_wconf 79' lang='grc' dir='ltr'><strong><em>ἅμα</em></strong></span> <span class='ocrx_word' id='word_1_58' title='bbox 550 1282 652 1348; x_wconf 89' lang='grc' dir='ltr'><strong><em>καινοί</em></strong></span> <span class='ocrx_word' id='word_1_59' title='bbox 672 1270 753 1360; x_wconf 71' lang='grc' dir='ltr'><strong><em>τινες</em></strong></span> <span class='ocrx_word' id='word_1_60' title='bbox 775 1281 831 1369; x_wconf 84' lang='grc' dir='ltr'><strong><em>ἐφ’</em></strong></span> <span class='ocrx_word' id='word_1_61' title='bbox 861 1279 976 1369; x_wconf 71' lang='grc' dir='ltr'><strong><em>ἑτέροις</em></strong></span> <span class='ocrx_word' id='word_1_62' title='bbox 999 1285 1097 1371; x_wconf 71' lang='grc' dir='ltr'><strong><em>λ’τεροι</em></strong></span> <span class='ocrx_word' id='word_1_63' title='bbox 1117 1285 1279 1363; x_wconf 85' lang='grc' dir='ltr'><strong><em>ἐπενοούιτι,</em></strong></span> 
     </span>
     <span class='ocr_line' id='line_1_8' title="bbox 206 1384 1280 1478; baseline -0.003 -21"><span class='ocrx_word' id='word_1_64' title='bbox 206 1397 266 1475; x_wconf 84' lang='grc' dir='ltr'><strong><em>τῆς</em></strong></span> <span class='ocrx_word' id='word_1_65' title='bbox 289 1385 424 1475; x_wconf 86' lang='grc' dir='ltr'><strong><em>άνάγκης</em></strong></span> <span class='ocrx_word' id='word_1_66' title='bbox 443 1386 500 1472; x_wconf 77' lang='grc' dir='ltr'><strong><em>τὴν</em></strong></span> <span class='ocrx_word' id='word_1_67' title='bbox 521 1384 667 1472; x_wconf 77' lang='grc' dir='ltr'><strong><em>εὐπορίαν</em></strong></span> <span class='ocrx_word' id='word_1_68' title='bbox 686 1391 748 1451; x_wconf 88' lang='grc' dir='ltr'><strong><em>τῶν</em></strong></span> <span class='ocrx_word' id='word_1_69' title='bbox 772 1388 815 1463; x_wconf 75' lang='grc' dir='ltr'><strong><em>εἰς</em></strong></span> <span class='ocrx_word' id='word_1_70' title='bbox 833 1393 936 1453; x_wconf 84' lang='grc' dir='ltr'><strong><em>ταῦτα</em></strong></span> <span class='ocrx_word' id='word_1_71' title='bbox 955 1384 1189 1474; x_wconf 68' lang='grc' dir='ltr'><strong><em>ἐνθυμημάτων</em></strong></span> <span class='ocrx_word' id='word_1_72' title='bbox 1208 1389 1280 1478; x_wconf 73' lang='grc' dir='ltr'><strong><em>ῥᾷστα</em></strong></span> 
     </span>
     <span class='ocr_line' id='line_1_9' title="bbox 207 1484 1280 1582; baseline -0.004 -22"><span class='ocrx_word' id='word_1_73' title='bbox 207 1489 456 1582; x_wconf 84' lang='grc' dir='ltr'><strong><em>ἐφευρισκούσης.</em></strong></span> <span class='ocrx_word' id='word_1_74' title='bbox 485 1486 556 1576; x_wconf 86' lang='grc' dir='ltr'>(Β.)</span> <span class='ocrx_word' id='word_1_75' title='bbox 569 1489 621 1554; x_wconf 86' lang='grc' dir='ltr'><strong><em>Ἐν</em></strong></span> <span class='ocrx_word' id='word_1_76' title='bbox 635 1484 757 1567; x_wconf 77' lang='grc' dir='ltr'><strong><em>τούτοις</em></strong></span> <span class='ocrx_word' id='word_1_77' title='bbox 772 1488 807 1556; x_wconf 82' lang='grc' dir='ltr'><strong><em>δ’</em></strong></span> <span class='ocrx_word' id='word_1_78' title='bbox 826 1487 925 1557; x_wconf 77' lang='grc' dir='ltr'><strong><em>ὄντων</em></strong></span> <span class='ocrx_word' id='word_1_79' title='bbox 937 1497 1001 1557; x_wconf 88' lang='grc' dir='ltr'><strong><em>τῶν</em></strong></span> <span class='ocrx_word' id='word_1_80' title='bbox 1020 1489 1212 1577; x_wconf 87' lang='grc' dir='ltr'><strong><em>πραγμάτων</em></strong></span> <span class='ocrx_word' id='word_1_81' title='bbox 1225 1487 1280 1577; x_wconf 77' lang='grc' dir='ltr'><strong><em>κύτη</em></strong></span> 
     </span>
     <span class='ocr_line' id='line_1_10' title="bbox 178 1589 1280 1688; baseline -0.002 -25"><span class='ocrx_word' id='word_1_82' title='bbox 178 1599 320 1688; x_wconf 68' lang='grc' dir='ltr'><strong><em>(λβαρείρ</em></strong></span> <span class='ocrx_word' id='word_1_83' title='bbox 340 1599 392 1662; x_wconf 83' lang='grc' dir='ltr'><strong><em>καλ</em></strong></span> <span class='ocrx_word' id='word_1_84' title='bbox 413 1591 429 1661; x_wconf 81' lang='grc' dir='ltr'><strong><em>ὅ</em></strong></span> <span class='ocrx_word' id='word_1_85' title='bbox 453 1589 646 1679; x_wconf 75' lang='grc' dir='ltr'><strong><em>πατριάρχης</em></strong></span> <span class='ocrx_word' id='word_1_86' title='bbox 662 1592 819 1679; x_wconf 81' lang='grc' dir='ltr'><strong><em>Ἰσίδωρος</em></strong></span> <span class='ocrx_word' id='word_1_87' title='bbox 842 1590 1007 1661; x_wconf 80' lang='grc' dir='ltr'><strong><em>άλίσκεται.</em></strong></span> <span class='ocrx_word' id='word_1_88' title='bbox 1036 1591 1111 1680; x_wconf 77' lang='grc' dir='ltr'><strong><em>ἧδέ</em></strong></span> <span class='ocrx_word' id='word_1_89' title='bbox 1126 1589 1280 1681; x_wconf 76' lang='grc' dir='ltr'><strong><em>ἦνγαστρύς</em></strong></span> 
     </span>
     <span class='ocr_line' id='line_1_11' title="bbox 206 1693 1244 1785; baseline -0.005 -17"><span class='ocrx_word' id='word_1_90' title='bbox 206 1701 332 1778; x_wconf 86' lang='grc' dir='ltr'><strong><em>κένωσις</em></strong></span> <span class='ocrx_word' id='word_1_91' title='bbox 346 1697 486 1783; x_wconf 75' lang='grc' dir='ltr'><strong><em>διηνεκὴς</em></strong></span> <span class='ocrx_word' id='word_1_92' title='bbox 500 1694 566 1779; x_wconf 80' lang='grc' dir='ltr'><strong><em>ἅμα</em></strong></span> <span class='ocrx_word' id='word_1_93' title='bbox 588 1698 639 1761; x_wconf 74' lang='grc' dir='ltr'><strong><em>καὶ</em></strong></span> <span class='ocrx_word' id='word_1_94' title='bbox 658 1694 872 1784; x_wconf 83' lang='grc' dir='ltr'><strong><em>πολυήμερος,</em></strong></span> <span class='ocrx_word' id='word_1_95' title='bbox 897 1693 1000 1782; x_wconf 86' lang='grc' dir='ltr'><strong><em>πάσης</em></strong></span> <span class='ocrx_word' id='word_1_96' title='bbox 1013 1698 1119 1785; x_wconf 88' lang='grc' dir='ltr'><strong><em>χειρδς</em></strong></span> <span class='ocrx_word' id='word_1_97' title='bbox 1136 1702 1188 1764; x_wconf 76' lang='grc' dir='ltr'><strong><em>καὶ</em></strong></span> <span class='ocrx_word' id='word_1_98' title='bbox 1203 1699 1234 1764; x_wconf 90' lang='grc' dir='ltr'><strong><em>τί</em></strong></span> <span class='ocrx_word' id='word_1_99' title='bbox 1238 1766 1244 1779; x_wconf 67' lang='grc'><strong><em>,</em></strong></span> 
     </span>
     <span class='ocr_line' id='line_1_12' title="bbox 205 1797 1280 1893; baseline -0.007 -22"><span class='ocrx_word' id='word_1_100' title='bbox 205 1807 347 1893; x_wconf 77' lang='grc' dir='ltr'><strong><em>ίατρικῆς</em></strong></span> <span class='ocrx_word' id='word_1_101' title='bbox 364 1797 584 1888; x_wconf 84' lang='grc' dir='ltr'><strong><em>άπρακτσύσης</em></strong></span> <span class='ocrx_word' id='word_1_102' title='bbox 605 1800 755 1867; x_wconf 73' lang='grc' dir='ltr'><strong><em>ἐνταῦθα.</em></strong></span> <span class='ocrx_word' id='word_1_103' title='bbox 794 1802 893 1868; x_wconf 87' lang='grc' dir='ltr'><strong><em>καίτοι</em></strong></span> <span class='ocrx_word' id='word_1_104' title='bbox 915 1798 1026 1886; x_wconf 75' lang='grc' dir='ltr'><strong><em>τήνγε</em></strong></span> <span class='ocrx_word' id='word_1_105' title='bbox 1049 1801 1150 1889; x_wconf 80' lang='grc' dir='ltr'><strong><em>ἀρχὴν</em></strong></span> <span class='ocrx_word' id='word_1_106' title='bbox 1173 1802 1209 1868; x_wconf 87' lang='grc' dir='ltr'><strong><em>ού</em></strong></span> <span class='ocrx_word' id='word_1_107' title='bbox 1221 1797 1280 1884; x_wconf 81' lang='grc' dir='ltr'><strong><em>μάλα</em></strong></span> 
     </span>
     <span class='ocr_line' id='line_1_13' title="bbox 204 1899 1280 1996; baseline -0.009 -21"><span class='ocrx_word' id='word_1_108' title='bbox 204 1908 407 1996; x_wconf 75' lang='grc' dir='ltr'><strong><em>θρασυτέραν</em></strong></span> <span class='ocrx_word' id='word_1_109' title='bbox 423 1902 501 1989; x_wconf 87' lang='grc' dir='ltr'><strong><em>αύτη</em></strong></span> <span class='ocrx_word' id='word_1_110' title='bbox 522 1903 579 1988; x_wconf 84' lang='grc' dir='ltr'><strong><em>τὴν</em></strong></span> <span class='ocrx_word' id='word_1_111' title='bbox 595 1901 710 1991; x_wconf 79' lang='grc' dir='ltr'><strong><em>έφσδον</em></strong></span> <span class='ocrx_word' id='word_1_112' title='bbox 727 1899 856 1983; x_wconf 71' lang='grc' dir='ltr'><strong><em>ἐδειζεν·</em></strong></span> <span class='ocrx_word' id='word_1_113' title='bbox 883 1904 954 1970; x_wconf 75' lang='grc' dir='ltr'><strong><em>ἀλλ’</em></strong></span> <span class='ocrx_word' id='word_1_114' title='bbox 976 1904 1151 1989; x_wconf 54' lang='grc' dir='ltr'><strong><em>ἦρίμαικαὶ</em></strong></span> <span class='ocrx_word' id='word_1_115' title='bbox 1166 1904 1237 1971; x_wconf 82' lang='grc' dir='ltr'><strong><em>κατά</em></strong></span> <span class='ocrx_word' id='word_1_116' title='bbox 1247 1929 1280 1984; x_wconf 81' lang='grc' dir='ltr'><strong><em>μ·</em></strong></span> 
     </span>
     <span class='ocr_line' id='line_1_14' title="bbox 205 2004 1280 2098; baseline -0.006 -22"><span class='ocrx_word' id='word_1_117' title='bbox 205 2012 280 2098; x_wconf 88' lang='grc' dir='ltr'><strong><em>κρδν</em></strong></span> <span class='ocrx_word' id='word_1_118' title='bbox 298 2013 348 2076; x_wconf 80' lang='grc' dir='ltr'><strong><em>καὶ</em></strong></span> <span class='ocrx_word' id='word_1_119' title='bbox 370 2006 473 2093; x_wconf 88' lang='grc' dir='ltr'><strong><em>βάδην</em></strong></span> <span class='ocrx_word' id='word_1_120' title='bbox 495 2010 587 2072; x_wconf 84' lang='grc' dir='ltr'><strong><em>είπεΐν</em></strong></span> <span class='ocrx_word' id='word_1_121' title='bbox 605 2005 811 2095; x_wconf 78' lang='grc' dir='ltr'><strong><em>ἐπιχωριάζειν</em></strong></span> <span class='ocrx_word' id='word_1_122' title='bbox 825 2005 940 2090; x_wconf 85' lang='grc' dir='ltr'><strong><em>ἐδόκει,</em></strong></span> <span class='ocrx_word' id='word_1_123' title='bbox 968 2006 1072 2094; x_wconf 77' lang='grc' dir='ltr'><strong><em>ὥσπερ</em></strong></span> <span class='ocrx_word' id='word_1_124' title='bbox 1087 2011 1235 2088; x_wconf 89' lang='grc' dir='ltr'><strong><em>παίζουσα</em></strong></span> <span class='ocrx_word' id='word_1_125' title='bbox 1245 2004 1280 2079; x_wconf 83' lang='grc' dir='ltr'><strong><em>τδς</em></strong></span> 
     </span>
     <span class='ocr_line' id='line_1_15' title="bbox 205 2103 1280 2199; baseline 0.001 -19"><span class='ocrx_word' id='word_1_126' title='bbox 205 2121 270 2183; x_wconf 85' lang='grc' dir='ltr'><strong><em>τῶν</em></strong></span> <span class='ocrx_word' id='word_1_127' title='bbox 294 2117 418 2179; x_wconf 89' lang='grc' dir='ltr'><strong><em>πολλῶν</em></strong></span> <span class='ocrx_word' id='word_1_128' title='bbox 441 2113 575 2186; x_wconf 87' lang='grc' dir='ltr'><strong><em>ἐλπίδας.</em></strong></span> <span class='ocrx_word' id='word_1_129' title='bbox 602 2103 642 2195; x_wconf 78' lang='grc' dir='ltr'><strong><em>ἦν</em></strong></span> <span class='ocrx_word' id='word_1_130' title='bbox 655 2111 714 2199; x_wconf 84' lang='grc' dir='ltr'><strong><em>γὰρ</em></strong></span> <span class='ocrx_word' id='word_1_131' title='bbox 734 2109 795 2178; x_wconf 80' lang='grc' dir='ltr'><strong><em>ἀπὸ</em></strong></span> <span class='ocrx_word' id='word_1_132' title='bbox 815 2109 917 2196; x_wconf 88' lang='grc' dir='ltr'><strong><em>λύπης</em></strong></span> <span class='ocrx_word' id='word_1_133' title='bbox 932 2112 1080 2196; x_wconf 77' lang='grc' dir='ltr'><strong><em>ἐσχηκυῖα</em></strong></span> <span class='ocrx_word' id='word_1_134' title='bbox 1095 2111 1153 2190; x_wconf 86' lang='grc' dir='ltr'><strong><em>τδς</em></strong></span> <span class='ocrx_word' id='word_1_135' title='bbox 1166 2107 1280 2199; x_wconf 74' lang='grc' dir='ltr'><strong><em>άφορμίί</em></strong></span> 
     </span>
     <span class='ocr_line' id='line_1_16' title="bbox 106 2208 1280 2306; baseline -0.005 -23"><span class='ocrx_word' id='word_1_136' title='bbox 106 2214 239 2306; x_wconf 55' lang='lat' dir='ltr'><strong><em>ms&amp;</em></strong></span> <span class='ocrx_word' id='word_1_137' title='bbox 256 2215 353 2294; x_wconf 82' lang='grc' dir='ltr'><strong><em>πολύς</em></strong></span> <span class='ocrx_word' id='word_1_138' title='bbox 368 2215 456 2290; x_wconf 90' lang='grc' dir='ltr'><strong><em>τέως</em></strong></span> <span class='ocrx_word' id='word_1_139' title='bbox 469 2210 587 2300; x_wconf 88' lang='grc' dir='ltr'><strong><em>ἐκράτει</em></strong></span> <span class='ocrx_word' id='word_1_140' title='bbox 605 2211 720 2302; x_wconf 76' lang='grc' dir='ltr'><strong><em>λύγος),</em></strong></span> <span class='ocrx_word' id='word_1_141' title='bbox 740 2214 808 2300; x_wconf 77' lang='grc' dir='ltr'><strong><em>ἥτις</em></strong></span> <span class='ocrx_word' id='word_1_142' title='bbox 822 2217 856 2281; x_wconf 90' lang='grc' dir='ltr'><strong><em>ἐκ</em></strong></span> <span class='ocrx_word' id='word_1_143' title='bbox 872 2215 1074 2299; x_wconf 70' lang='grc' dir='ltr'><strong><em>σιωπωμένης</em></strong></span> <span class='ocrx_word' id='word_1_144' title='bbox 1089 2213 1232 2300; x_wconf 84' lang='grc' dir='ltr'><strong><em>αι’σχύνης</em></strong></span> <span class='ocrx_word' id='word_1_145' title='bbox 1244 2208 1280 2293; x_wconf 66' lang='lat' dir='ltr'><strong><em>sip</em></strong></span> 
     </span>
     <span class='ocr_line' id='line_1_17' title="bbox 173 2310 1280 2406; baseline -0.003 -20"><span class='ocrx_word' id='word_1_146' title='bbox 173 2320 265 2406; x_wconf 77' lang='grc' dir='ltr'><strong><em>Βτῆν</em></strong></span> <span class='ocrx_word' id='word_1_147' title='bbox 282 2315 449 2406; x_wconf 84' lang='grc' dir='ltr'><strong><em>πρόφασιν.</em></strong></span> <span class='ocrx_word' id='word_1_148' title='bbox 477 2310 516 2401; x_wconf 83' lang='grc' dir='ltr'><strong><em>ἦν</em></strong></span> <span class='ocrx_word' id='word_1_149' title='bbox 539 2315 598 2405; x_wconf 81' lang='grc' dir='ltr'><strong><em>γάρ</em></strong></span> <span class='ocrx_word' id='word_1_150' title='bbox 615 2329 681 2395; x_wconf 79' lang='grc' dir='ltr'><strong><em>τοῖς</em></strong></span> <span class='ocrx_word' id='word_1_151' title='bbox 696 2320 817 2395; x_wconf 86' lang='grc' dir='ltr'><strong><em>οίκείοις</em></strong></span> <span class='ocrx_word' id='word_1_152' title='bbox 835 2319 965 2406; x_wconf 79' lang='grc' dir='ltr'><strong><em>ὀνείροις</em></strong></span> <span class='ocrx_word' id='word_1_153' title='bbox 975 2318 1136 2405; x_wconf 88' lang='grc' dir='ltr'><strong><em>προσέχων</em></strong></span> <span class='ocrx_word' id='word_1_154' title='bbox 1150 2315 1167 2385; x_wconf 81' lang='grc' dir='ltr'>ὁ</span> <span class='ocrx_word' id='word_1_155' title='bbox 1184 2318 1280 2401; x_wconf 71' lang='grc' dir='ltr'><strong><em>ἄνδρα</em></strong></span> 
     </span>
     <span class='ocr_line' id='line_1_18' title="bbox 204 2415 1280 2509; baseline -0.006 -21"><span class='ocrx_word' id='word_1_156' title='bbox 204 2443 279 2501; x_wconf 92' lang='grc' dir='ltr'><strong><em>πος·</em></strong></span> <span class='ocrx_word' id='word_1_157' title='bbox 307 2425 358 2488; x_wconf 83' lang='grc' dir='ltr'><strong><em>καλ</em></strong></span> <span class='ocrx_word' id='word_1_158' title='bbox 369 2419 460 2488; x_wconf 80' lang='grc' dir='ltr'><strong><em>τοῦτ’</em></strong></span> <span class='ocrx_word' id='word_1_159' title='bbox 478 2419 565 2508; x_wconf 77' lang='grc' dir='ltr'><strong><em>ἴργον</em></strong></span> <span class='ocrx_word' id='word_1_160' title='bbox 583 2420 662 2505; x_wconf 75' lang='grc' dir='ltr'><strong><em>έχων</em></strong></span> <span class='ocrx_word' id='word_1_161' title='bbox 674 2418 820 2488; x_wconf 72' lang='grc' dir='ltr'><strong><em>ἁπάντων</em></strong></span> <span class='ocrx_word' id='word_1_162' title='bbox 833 2419 1059 2509; x_wconf 81' lang='grc' dir='ltr'><strong><em>προϊστάμενον</em></strong></span> <span class='ocrx_word' id='word_1_163' title='bbox 1072 2424 1126 2487; x_wconf 81' lang='grc' dir='ltr'><strong><em>καλ</em></strong></span> <span class='ocrx_word' id='word_1_164' title='bbox 1144 2415 1280 2508; x_wconf 81' lang='grc' dir='ltr'><strong><em>λάγωνιιί</em></strong></span> 
     </span>
     <span class='ocr_line' id='line_1_19' title="bbox 202 2520 1280 2615; baseline -0.001 -23"><span class='ocrx_word' id='word_1_165' title='bbox 202 2523 396 2615; x_wconf 85' lang='grc' dir='ltr'><strong><em>πραγμάτων</em></strong></span> <span class='ocrx_word' id='word_1_166' title='bbox 420 2525 650 2610; x_wconf 72' lang='grc' dir='ltr'><strong><em>ἐνθουσιασμὸν</em></strong></span> <span class='ocrx_word' id='word_1_167' title='bbox 674 2523 833 2611; x_wconf 82' lang='grc' dir='ltr'><strong><em>ὠνόμαζε·</em></strong></span> <span class='ocrx_word' id='word_1_168' title='bbox 868 2528 921 2592; x_wconf 82' lang='grc' dir='ltr'><strong><em>καλ</em></strong></span> <span class='ocrx_word' id='word_1_169' title='bbox 953 2520 1078 2603; x_wconf 90' lang='grc' dir='ltr'><strong><em>τούτοις</em></strong></span> <span class='ocrx_word' id='word_1_170' title='bbox 1101 2521 1280 2610; x_wconf 71' lang='grc' dir='ltr'><strong><em>διηνεκῶςίτ</em></strong></span> 
     </span>
     <span class='ocr_line' id='line_1_20' title="bbox 202 2621 1280 2717; baseline -0.006 -20"><span class='ocrx_word' id='word_1_171' title='bbox 202 2627 468 2715; x_wconf 87' lang='grc' dir='ltr'><strong><em>καλλωπιζύμενος</em></strong></span> <span class='ocrx_word' id='word_1_172' title='bbox 496 2626 644 2708; x_wconf 78' lang='grc' dir='ltr'><strong><em>ἐψεύδετο</em></strong></span> <span class='ocrx_word' id='word_1_173' title='bbox 677 2630 734 2714; x_wconf 91' lang='grc' dir='ltr'><strong><em>μέν</em></strong></span> <span class='ocrx_word' id='word_1_174' title='bbox 771 2636 957 2717; x_wconf 83' lang='grc' dir='ltr'><strong><em>προφανῶς,</em></strong></span> <span class='ocrx_word' id='word_1_175' title='bbox 991 2627 1048 2695; x_wconf 84' lang='grc' dir='ltr'><strong><em>ούκ</em></strong></span> <span class='ocrx_word' id='word_1_176' title='bbox 1076 2626 1224 2716; x_wconf 74' lang='grc' dir='ltr'><strong><em>ᾐσχύνετο</em></strong></span> <span class='ocrx_word' id='word_1_177' title='bbox 1248 2621 1280 2690; x_wconf 75' lang='grc' dir='ltr'><strong><em>δέ</em></strong></span> 
     </span>
     <span class='ocr_line' id='line_1_21' title="bbox 201 2727 1280 2822; baseline -0.002 -20"><span class='ocrx_word' id='word_1_178' title='bbox 201 2734 276 2803; x_wconf 77' lang='grc' dir='ltr'><strong><em>ἀλλ’</em></strong></span> <span class='ocrx_word' id='word_1_179' title='bbox 291 2727 330 2821; x_wconf 72' lang='grc' dir='ltr'><strong><em>ἦν</em></strong></span> <span class='ocrx_word' id='word_1_180' title='bbox 348 2730 497 2809; x_wconf 76' lang='grc' dir='ltr'><strong><em>ὡσαύτως</em></strong></span> <span class='ocrx_word' id='word_1_181' title='bbox 508 2739 553 2822; x_wconf 78' lang='grc' dir='ltr'><strong><em>τῷ</em></strong></span> <span class='ocrx_word' id='word_1_182' title='bbox 568 2758 602 2799; x_wconf 93' lang='grc' dir='ltr'><strong><em>τε</em></strong></span> <span class='ocrx_word' id='word_1_183' title='bbox 613 2739 740 2816; x_wconf 78' lang='grc' dir='ltr'><strong><em>βασιλεῖ</em></strong></span> <span class='ocrx_word' id='word_1_184' title='bbox 749 2736 800 2800; x_wconf 79' lang='grc' dir='ltr'><strong><em>καὶ</em></strong></span> <span class='ocrx_word' id='word_1_185' title='bbox 815 2744 881 2810; x_wconf 78' lang='grc' dir='ltr'><strong><em>τοῖς</em></strong></span> <span class='ocrx_word' id='word_1_186' title='bbox 894 2732 1001 2811; x_wconf 76' lang='grc' dir='ltr'><strong><em>ἄλλοις</em></strong></span> <span class='ocrx_word' id='word_1_187' title='bbox 1013 2731 1106 2798; x_wconf 75' lang='grc' dir='ltr'><strong><em>οἱονεὶ</em></strong></span> <span class='ocrx_word' id='word_1_188' title='bbox 1121 2728 1280 2821; x_wconf 61' lang='grc' dir='ltr'><strong><em>προφητεία</em></strong></span> 
     </span>
     <span class='ocr_line' id='line_1_22' title="bbox 200 2826 1280 2924; baseline -0.008 -19"><span class='ocrx_word' id='word_1_189' title='bbox 200 2839 291 2914; x_wconf 88' lang='grc' dir='ltr'><strong><em>τινδς</em></strong></span> <span class='ocrx_word' id='word_1_190' title='bbox 304 2841 355 2905; x_wconf 82' lang='grc' dir='ltr'><strong><em>καλ</em></strong></span> <span class='ocrx_word' id='word_1_191' title='bbox 370 2837 536 2913; x_wconf 71' lang='grc' dir='ltr'><strong><em>δεοπτείας</em></strong></span> <span class='ocrx_word' id='word_1_192' title='bbox 552 2833 675 2903; x_wconf 78' lang='grc' dir='ltr'><strong><em>άνωθεν</em></strong></span> <span class='ocrx_word' id='word_1_193' title='bbox 691 2836 908 2924; x_wconf 77' lang='grc' dir='ltr'><strong><em>ἀπαγγέλλων·</em></strong></span> <span class='ocrx_word' id='word_1_194' title='bbox 941 2835 1021 2920; x_wconf 73' lang='grc' dir='ltr'><strong><em>μεθ’</em></strong></span> <span class='ocrx_word' id='word_1_195' title='bbox 1040 2826 1085 2902; x_wconf 82' lang='grc' dir='ltr'><strong><em>ὧν</em></strong></span> <span class='ocrx_word' id='word_1_196' title='bbox 1100 2829 1140 2920; x_wconf 80' lang='grc' dir='ltr'><strong><em>ἦν</em></strong></span> <span class='ocrx_word' id='word_1_197' title='bbox 1154 2839 1204 2902; x_wconf 80' lang='grc' dir='ltr'><strong><em>καί</em></strong></span> <span class='ocrx_word' id='word_1_198' title='bbox 1216 2831 1234 2921; x_wconf 71' lang='grc' dir='ltr'>ἡ</span> <span class='ocrx_word' id='word_1_199' title='bbox 1245 2832 1280 2896; x_wconf 68' lang='grc' dir='ltr'><strong><em>τοῦ</em></strong></span> 
     </span>
     <span class='ocr_line' id='line_1_23' title="bbox 202 2933 1280 3028; baseline -0.008 -21"><span class='ocrx_word' id='word_1_200' title='bbox 202 2941 301 3025; x_wconf 84' lang='grc' dir='ltr'><strong><em>πέραν</em></strong></span> <span class='ocrx_word' id='word_1_201' title='bbox 320 2945 353 3008; x_wconf 91' lang='grc' dir='ltr'><strong><em>Γ</em></strong></span> <span class='ocrx_word' id='word_1_202' title='bbox 350 2945 498 3005; x_wconf 82' lang='grc' dir='ltr'><strong><em>αλατικού</em></strong></span> <span class='ocrx_word' id='word_1_203' title='bbox 516 2933 669 3026; x_wconf 78' lang='grc' dir='ltr'><strong><em>φρουρίύυ</em></strong></span> <span class='ocrx_word' id='word_1_204' title='bbox 693 2940 915 3028; x_wconf 80' lang='grc' dir='ltr'><strong><em>καταστροφὴ,</em></strong></span> <span class='ocrx_word' id='word_1_205' title='bbox 943 2939 982 3024; x_wconf 82' lang='grc' dir='ltr'><strong><em>ἣν</em></strong></span> <span class='ocrx_word' id='word_1_206' title='bbox 1001 2942 1222 3026; x_wconf 73' lang='grc' dir='ltr'><strong><em>προδεδεῖχδαι</em></strong></span> <span class='ocrx_word' id='word_1_207' title='bbox 1240 2937 1280 2999; x_wconf 84' lang='grc' dir='ltr'><strong><em>διε-</em></strong></span> 
     </span>
     <span class='ocr_line' id='line_1_24' title="bbox 172 3039 1280 3131; baseline -0.007 -19"><span class='ocrx_word' id='word_1_208' title='bbox 172 3047 319 3112; x_wconf 76' lang='grc' dir='ltr'><strong><em>Ετείνετο</em></strong></span> <span class='ocrx_word' id='word_1_209' title='bbox 332 3045 447 3108; x_wconf 77' lang='grc' dir='ltr'><strong><em>τουτωὶ</em></strong></span> <span class='ocrx_word' id='word_1_210' title='bbox 460 3041 624 3128; x_wconf 77' lang='grc' dir='ltr'><strong><em>πρὸςθεοῦ</em></strong></span> <span class='ocrx_word' id='word_1_211' title='bbox 637 3047 774 3127; x_wconf 87' lang='grc' dir='ltr'><strong><em>βεβαίως</em></strong></span> <span class='ocrx_word' id='word_1_212' title='bbox 785 3047 835 3110; x_wconf 82' lang='grc' dir='ltr'><strong><em>καλ</em></strong></span> <span class='ocrx_word' id='word_1_213' title='bbox 849 3044 1015 3131; x_wconf 76' lang='grc' dir='ltr'><strong><em>ἀσφαλῶς·</em></strong></span> <span class='ocrx_word' id='word_1_214' title='bbox 1043 3039 1086 3119; x_wconf 84' lang='grc' dir='ltr'><strong><em>ῶς</em></strong></span> <span class='ocrx_word' id='word_1_215' title='bbox 1101 3039 1280 3130; x_wconf 72' lang='grc' dir='ltr'><strong><em>θαῤῥύσαντε</em></strong></span> 
     </span>
     <span class='ocr_line' id='line_1_25' title="bbox 204 3140 1280 3236; baseline -0.009 -21"><span class='ocrx_word' id='word_1_216' title='bbox 204 3149 257 3215; x_wconf 85' lang='grc' dir='ltr'><strong><em>καλ</em></strong></span> <span class='ocrx_word' id='word_1_217' title='bbox 280 3146 336 3214; x_wconf 88' lang='grc' dir='ltr'><strong><em>τδν</em></strong></span> <span class='ocrx_word' id='word_1_218' title='bbox 351 3145 484 3231; x_wconf 75' lang='grc' dir='ltr'><strong><em>βασιλέα</em></strong></span> <span class='ocrx_word' id='word_1_219' title='bbox 505 3146 554 3211; x_wconf 88' lang='grc' dir='ltr'><strong><em>ἐπί</em></strong></span> <span class='ocrx_word' id='word_1_220' title='bbox 578 3144 635 3233; x_wconf 78' lang='grc' dir='ltr'><strong><em>τὴν</em></strong></span> <span class='ocrx_word' id='word_1_221' title='bbox 652 3143 757 3234; x_wconf 86' lang='grc' dir='ltr'><strong><em>μάχην</em></strong></span> <span class='ocrx_word' id='word_1_222' title='bbox 779 3153 909 3234; x_wconf 78' lang='grc' dir='ltr'><strong><em>ταχῦναι</em></strong></span> <span class='ocrx_word' id='word_1_223' title='bbox 915 3196 927 3230; x_wconf 92' lang='grc'><strong><em>,</em></strong></span> <span class='ocrx_word' id='word_1_224' title='bbox 957 3148 1030 3236; x_wconf 87' lang='grc' dir='ltr'><strong><em>πρίν</em></strong></span> <span class='ocrx_word' id='word_1_225' title='bbox 1044 3146 1156 3224; x_wconf 85' lang='grc' dir='ltr'><strong><em>τελέως</em></strong></span> <span class='ocrx_word' id='word_1_226' title='bbox 1174 3145 1228 3231; x_wconf 77' lang='grc' dir='ltr'><strong><em>τὴν</em></strong></span> <span class='ocrx_word' id='word_1_227' title='bbox 1243 3140 1280 3208; x_wconf 72' lang='grc' dir='ltr'><strong><em>τά</em></strong></span> 
     </span>
    </p>
   </div>
   <div class='ocr_carea' id='block_1_3' title="bbox 191 3373 1280 3938">
    <p class='ocr_par' dir='ltr' id='par_1_3' title="bbox 191 3373 1280 3938">
     <span class='ocr_line' id='line_1_26' title="bbox 203 3373 1280 3452; baseline -0.006 -18"><span class='ocrx_word' id='word_1_228' title='bbox 203 3379 305 3452; x_wconf 85' lang='lat' dir='ltr'>positae</span> <span class='ocrx_word' id='word_1_229' title='bbox 317 3383 408 3442; x_wconf 82' lang='lat' dir='ltr'>erant,</span> <span class='ocrx_word' id='word_1_230' title='bbox 425 3376 452 3432; x_wconf 88' lang='lat' dir='ltr'><strong><em>in</em></strong></span> <span class='ocrx_word' id='word_1_231' title='bbox 464 3396 536 3433; x_wconf 84' lang='lat' dir='ltr'>mare</span> <span class='ocrx_word' id='word_1_232' title='bbox 548 3377 685 3445; x_wconf 83' lang='lat' dir='ltr'>trahebat,</span> <span class='ocrx_word' id='word_1_233' title='bbox 704 3380 907 3451; x_wconf 84' lang='lat' dir='ltr'>refieiebatqne,</span> <span class='ocrx_word' id='word_1_234' title='bbox 925 3379 1149 3450; x_wconf 63' lang='lat' dir='ltr'>satagentem</span> <span class='ocrx_word' id='word_1_235' title='bbox 1166 3373 1280 3432; x_wconf 71' lang='grc' dir='ltr'><strong><em>ειεοειιὶίν</em></strong></span> 
     </span>
     <span class='ocr_line' id='line_1_27' title="bbox 202 3446 1280 3524; baseline -0.007 -19"><span class='ocrx_word' id='word_1_236' title='bbox 202 3459 254 3505; x_wconf 82' lang='lat' dir='ltr'><strong><em>tem</em></strong></span> <span class='ocrx_word' id='word_1_237' title='bbox 266 3450 488 3513; x_wconf 77' lang='lat' dir='ltr'>accommodnbnt3</span> <span class='ocrx_word' id='word_1_238' title='bbox 506 3450 566 3503; x_wconf 89' lang='lat' dir='ltr'>item</span> <span class='ocrx_word' id='word_1_239' title='bbox 581 3449 645 3504; x_wconf 86' lang='lat' dir='ltr'>alias</span> <span class='ocrx_word' id='word_1_240' title='bbox 658 3468 737 3504; x_wconf 78' lang='lat' dir='ltr'>noras</span> <span class='ocrx_word' id='word_1_241' title='bbox 751 3453 926 3516; x_wconf 75' lang='lat' dir='ltr'>construebat,</span> <span class='ocrx_word' id='word_1_242' title='bbox 944 3466 1040 3520; x_wconf 80' lang='lat' dir='ltr'>easque</span> <span class='ocrx_word' id='word_1_243' title='bbox 1054 3449 1142 3519; x_wconf 86' lang='lat' dir='ltr'>piures</span> <span class='ocrx_word' id='word_1_244' title='bbox 1155 3465 1188 3503; x_wconf 81' lang='lat' dir='ltr'><strong><em>aa</em></strong></span> <span class='ocrx_word' id='word_1_245' title='bbox 1199 3446 1280 3524; x_wconf 65' lang='lat' dir='ltr'>maier!</span> 
     </span>
     <span class='ocr_line' id='line_1_28' title="bbox 223 3518 1280 3591; baseline -0.007 -17"><span class='ocrx_word' id='word_1_246' title='bbox 223 3538 278 3574; x_wconf 86' lang='lat' dir='ltr'><strong><em>uam</em></strong></span> <span class='ocrx_word' id='word_1_247' title='bbox 295 3526 386 3583; x_wconf 64' lang='lat' dir='ltr'>anua,</span> <span class='ocrx_word' id='word_1_248' title='bbox 403 3519 536 3577; x_wconf 84' lang='lat' dir='ltr'>navalibus</span> <span class='ocrx_word' id='word_1_249' title='bbox 550 3518 629 3588; x_wconf 78' lang='lat' dir='ltr'>lignis</span> <span class='ocrx_word' id='word_1_250' title='bbox 643 3521 735 3574; x_wconf 85' lang='lat' dir='ltr'>crebro</span> <span class='ocrx_word' id='word_1_251' title='bbox 749 3528 778 3573; x_wconf 87' lang='lat' dir='ltr'><strong><em>et</em></strong></span> <span class='ocrx_word' id='word_1_252' title='bbox 791 3521 857 3573; x_wconf 87' lang='lat' dir='ltr'>omni</span> <span class='ocrx_word' id='word_1_253' title='bbox 872 3519 1007 3591; x_wconf 76' lang='lat' dir='ltr'>diligentia</span> <span class='ocrx_word' id='word_1_254' title='bbox 1020 3537 1053 3572; x_wconf 87' lang='lat' dir='ltr'><strong><em>ex</em></strong></span> <span class='ocrx_word' id='word_1_255' title='bbox 1067 3524 1154 3572; x_wconf 86' lang='lat' dir='ltr'>monte</span> <span class='ocrx_word' id='word_1_256' title='bbox 1167 3521 1280 3570; x_wconf 75' lang='lat' dir='ltr'>convecta</span> 
     </span>
     <span class='ocr_line' id='line_1_29' title="bbox 191 3538 1280 3659; baseline 0.002 -17"><span class='ocrx_word' id='word_1_257' title='bbox 191 3538 330 3654; x_wconf 51' lang='lat' dir='ltr'>zanunim</span> <span class='ocrx_word' id='word_1_258' title='bbox 342 3606 405 3642; x_wconf 79' lang='lat' dir='ltr'>vero</span> <span class='ocrx_word' id='word_1_259' title='bbox 436 3589 529 3642; x_wconf 88' lang='lat' dir='ltr'>ecunia</span> <span class='ocrx_word' id='word_1_260' title='bbox 541 3589 616 3641; x_wconf 85' lang='lat' dir='ltr'>inhia</span> <span class='ocrx_word' id='word_1_261' title='bbox 625 3607 691 3659; x_wconf 81' lang='grc' dir='ltr'><strong><em>ορατ</em></strong></span> <span class='ocrx_word' id='word_1_262' title='bbox 702 3596 769 3654; x_wconf 82' lang='lat' dir='ltr'>erat,</span> <span class='ocrx_word' id='word_1_263' title='bbox 777 3590 910 3644; x_wconf 83' lang='lat' dir='ltr'>solitorum</span> <span class='ocrx_word' id='word_1_264' title='bbox 923 3589 1089 3657; x_wconf 81' lang='lat' dir='ltr'>vectigalium</span> <span class='ocrx_word' id='word_1_265' title='bbox 1100 3587 1192 3642; x_wconf 84' lang='lat' dir='ltr'>modus</span> <span class='ocrx_word' id='word_1_266' title='bbox 1201 3592 1280 3644; x_wconf 65' lang='lat' dir='ltr'>annui</span> 
     </span>
     <span class='ocr_line' id='line_1_30' title="bbox 202 3606 1280 3730; baseline -0.006 -18"><span class='ocrx_word' id='word_1_267' title='bbox 202 3665 257 3730; x_wconf 82' lang='lat' dir='ltr'><strong><em>tum</em></strong></span> <span class='ocrx_word' id='word_1_268' title='bbox 267 3677 335 3712; x_wconf 83' lang='lat' dir='ltr'>nova</span> <span class='ocrx_word' id='word_1_269' title='bbox 346 3606 471 3728; x_wconf 50' lang='lat' dir='ltr'>quassam</span> <span class='ocrx_word' id='word_1_270' title='bbox 485 3657 594 3712; x_wconf 82' lang='lat' dir='ltr'>subinde</span> <span class='ocrx_word' id='word_1_271' title='bbox 605 3658 733 3724; x_wconf 84' lang='lat' dir='ltr'>instituta,</span> <span class='ocrx_word' id='word_1_272' title='bbox 745 3677 802 3712; x_wconf 85' lang='lat' dir='ltr'><strong><em>eum</em></strong></span> <span class='ocrx_word' id='word_1_273' title='bbox 816 3660 850 3712; x_wconf 82' lang='lat' dir='ltr'><strong><em>ad</em></strong></span> <span class='ocrx_word' id='word_1_274' title='bbox 863 3678 909 3714; x_wconf 85' lang='lat' dir='ltr'><strong><em>eas</em></strong></span> <span class='ocrx_word' id='word_1_275' title='bbox 918 3677 960 3713; x_wconf 88' lang='lat' dir='ltr'><strong><em>res</em></strong></span> <span class='ocrx_word' id='word_1_276' title='bbox 971 3657 1049 3714; x_wconf 81' lang='lat' dir='ltr'>facila</span> <span class='ocrx_word' id='word_1_277' title='bbox 1062 3656 1244 3728; x_wconf 77' lang='lat' dir='ltr'>excogitandas</span> <span class='ocrx_word' id='word_1_278' title='bbox 1253 3669 1280 3705; x_wconf 83' lang='lat' dir='ltr'><strong><em>ne</em></strong></span> 
     </span>
     <span class='ocr_line' id='line_1_31' title="bbox 202 3725 1280 3798; baseline -0.006 -16"><span class='ocrx_word' id='word_1_279' title='bbox 202 3728 312 3782; x_wconf 79' lang='lat' dir='ltr'>cessitas</span> <span class='ocrx_word' id='word_1_280' title='bbox 330 3728 388 3798; x_wconf 86' lang='lat' dir='ltr'>ipsa</span> <span class='ocrx_word' id='word_1_281' title='bbox 407 3725 543 3796; x_wconf 86' lang='lat' dir='ltr'>plurimum</span> <span class='ocrx_word' id='word_1_282' title='bbox 561 3727 670 3780; x_wconf 78' lang='lat' dir='ltr'>valeret.</span> <span class='ocrx_word' id='word_1_283' title='bbox 706 3728 771 3798; x_wconf 84' lang='lat'><em>(11.)</em></span> <span class='ocrx_word' id='word_1_284' title='bbox 788 3729 815 3781; x_wconf 81' lang='lat' dir='ltr'><strong><em>la</em></strong></span> <span class='ocrx_word' id='word_1_285' title='bbox 830 3730 880 3782; x_wconf 85' lang='lat' dir='ltr'>init</span> <span class='ocrx_word' id='word_1_286' title='bbox 896 3747 983 3783; x_wconf 84' lang='lat' dir='ltr'>rerum</span> <span class='ocrx_word' id='word_1_287' title='bbox 1000 3734 1104 3792; x_wconf 84' lang='lat' dir='ltr'>status,</span> <span class='ocrx_word' id='word_1_288' title='bbox 1123 3745 1181 3780; x_wconf 85' lang='lat' dir='ltr'><strong><em>cum</em></strong></span> <span class='ocrx_word' id='word_1_289' title='bbox 1195 3725 1280 3779; x_wconf 74' lang='lat' dir='ltr'>isidem</span> 
     </span>
     <span class='ocr_line' id='line_1_32' title="bbox 221 3793 1280 3867; baseline -0.004 -15"><span class='ocrx_word' id='word_1_290' title='bbox 221 3798 352 3852; x_wconf 70' lang='grc' dir='ltr'><strong><em>κλεῖστρον</em></strong></span> <span class='ocrx_word' id='word_1_291' title='bbox 368 3796 444 3866; x_wconf 75' lang='lat' dir='ltr'>gravi</span> <span class='ocrx_word' id='word_1_292' title='bbox 463 3798 552 3851; x_wconf 85' lang='lat' dir='ltr'>morbo</span> <span class='ocrx_word' id='word_1_293' title='bbox 571 3797 719 3867; x_wconf 74' lang='lat' dir='ltr'>corripitur.</span> <span class='ocrx_word' id='word_1_294' title='bbox 760 3799 827 3852; x_wconf 78' lang='lat' dir='ltr'>Erat</span> <span class='ocrx_word' id='word_1_295' title='bbox 846 3805 931 3852; x_wconf 77' lang='lat' dir='ltr'>autem</span> <span class='ocrx_word' id='word_1_296' title='bbox 950 3798 1133 3851; x_wconf 59' lang='lat' dir='ltr'>iliudrentris</span> <span class='ocrx_word' id='word_1_297' title='bbox 1153 3793 1280 3867; x_wconf 65' lang='lat' dir='ltr'>protunc</span> 
     </span>
     <span class='ocr_line' id='line_1_33' title="bbox 201 3813 1280 3938; baseline -0.006 -17"><span class='ocrx_word' id='word_1_298' title='bbox 201 3813 264 3936; x_wconf 68' lang='lat' dir='ltr'>fuge</span> <span class='ocrx_word' id='word_1_299' title='bbox 276 3884 308 3921; x_wconf 86' lang='lat' dir='ltr'><strong><em>ee</em></strong></span> <span class='ocrx_word' id='word_1_300' title='bbox 321 3867 484 3931; x_wconf 86' lang='lat' dir='ltr'>diuturnum,</span> <span class='ocrx_word' id='word_1_301' title='bbox 501 3865 626 3921; x_wconf 83' lang='lat' dir='ltr'>adversus</span> <span class='ocrx_word' id='word_1_302' title='bbox 639 3867 709 3938; x_wconf 84' lang='lat' dir='ltr'><strong>quod</strong></span> <span class='ocrx_word' id='word_1_303' title='bbox 722 3885 871 3922; x_wconf 82' lang='lat' dir='ltr'>nannenus</span> <span class='ocrx_word' id='word_1_304' title='bbox 885 3886 934 3922; x_wconf 84' lang='lat' dir='ltr'><strong><em>nec</em></strong></span> <span class='ocrx_word' id='word_1_305' title='bbox 944 3885 988 3921; x_wconf 88' lang='lat' dir='ltr'><strong><em>ars</em></strong></span> <span class='ocrx_word' id='word_1_306' title='bbox 1000 3866 1157 3920; x_wconf 86' lang='lat' dir='ltr'>medicorum</span> <span class='ocrx_word' id='word_1_307' title='bbox 1168 3867 1280 3937; x_wconf 74' lang='lat' dir='ltr'>quinqua</span> 
     </span>
    </p>
   </div>
   <div class='ocr_carea' id='block_1_4' title="bbox 200 3936 1280 4406">
    <p class='ocr_par' dir='ltr' id='par_1_4' title="bbox 200 3936 1280 4406">
     <span class='ocr_line' id='line_1_34' title="bbox 201 3936 1280 4059; baseline -0.001 -69"><span class='ocrx_word' id='word_1_308' title='bbox 201 3944 320 4059; x_wconf 72' lang='lat' dir='ltr'>poteratz</span> <span class='ocrx_word' id='word_1_309' title='bbox 338 3937 440 3989; x_wconf 63' lang='lat' dir='ltr'>umetsi</span> <span class='ocrx_word' id='word_1_310' title='bbox 457 3936 538 4007; x_wconf 84' lang='lat' dir='ltr'>primo</span> <span class='ocrx_word' id='word_1_311' title='bbox 553 3954 659 3991; x_wconf 85' lang='lat' dir='ltr'>accessu</span> <span class='ocrx_word' id='word_1_312' title='bbox 678 3955 729 3991; x_wconf 89' lang='lat' dir='ltr'><strong><em>non</em></strong></span> <span class='ocrx_word' id='word_1_313' title='bbox 747 3938 880 3991; x_wconf 76' lang='lat' dir='ltr'><strong>admodum</strong></span> <span class='ocrx_word' id='word_1_314' title='bbox 894 3938 1022 3991; x_wconf 78' lang='lat' dir='ltr'>violentus</span> <span class='ocrx_word' id='word_1_315' title='bbox 1037 3937 1173 3989; x_wconf 82' lang='lat' dir='ltr'>invaserat</span> <span class='ocrx_word' id='word_1_316' title='bbox 1185 3938 1226 3989; x_wconf 84' lang='lat' dir='ltr'><strong><em>hia</em></strong></span> <span class='ocrx_word' id='word_1_317' title='bbox 1236 3945 1280 3987; x_wconf 65' lang='lat' dir='ltr'><strong><em>net</em></strong></span> 
     </span>
     <span class='ocr_line' id='line_1_35' title="bbox 221 4003 1280 4078; baseline -0.003 -21"><span class='ocrx_word' id='word_1_318' title='bbox 221 4021 269 4070; x_wconf 79' lang='grc' dir='ltr'><strong><em>αις</em></strong></span> <span class='ocrx_word' id='word_1_319' title='bbox 287 4004 334 4059; x_wconf 82' lang='lat' dir='ltr'><strong><em>sed</em></strong></span> <span class='ocrx_word' id='word_1_320' title='bbox 340 4005 436 4058; x_wconf 83' lang='lat' dir='ltr'>sensim</span> <span class='ocrx_word' id='word_1_321' title='bbox 447 4012 474 4058; x_wconf 87' lang='lat' dir='ltr'><strong><em>et</em></strong></span> <span class='ocrx_word' id='word_1_322' title='bbox 480 4006 603 4076; x_wconf 84' lang='lat' dir='ltr'>paulatim</span> <span class='ocrx_word' id='word_1_323' title='bbox 616 4014 693 4078; x_wconf 87' lang='lat' dir='ltr'>etqua</span> <span class='ocrx_word' id='word_1_324' title='bbox 711 4007 755 4075; x_wconf 87' lang='lat' dir='ltr'><strong><em>(nt</em></strong></span> <span class='ocrx_word' id='word_1_325' title='bbox 766 4006 908 4075; x_wconf 81' lang='lat' dir='ltr'>itadicam)</span> <span class='ocrx_word' id='word_1_326' title='bbox 918 4007 1074 4078; x_wconf 78' lang='lat' dir='ltr'>pedetentim</span> <span class='ocrx_word' id='word_1_327' title='bbox 1082 4006 1225 4076; x_wconf 72' lang='lat' dir='ltr'>proaedere</span> <span class='ocrx_word' id='word_1_328' title='bbox 1234 4003 1280 4054; x_wconf 70' lang='lat' dir='ltr'><strong><em>viu</em></strong></span> 
     </span>
     <span class='ocr_line' id='line_1_36' title="bbox 202 4073 1280 4149; baseline 0 -21"><span class='ocrx_word' id='word_1_329' title='bbox 202 4075 297 4138; x_wconf 72' lang='lat' dir='ltr'>inerat,</span> <span class='ocrx_word' id='word_1_330' title='bbox 314 4080 343 4128; x_wconf 89' lang='lat' dir='ltr'><strong><em>et</em></strong></span> <span class='ocrx_word' id='word_1_331' title='bbox 355 4075 482 4128; x_wconf 82' lang='lat' dir='ltr'>hominum</span> <span class='ocrx_word' id='word_1_332' title='bbox 494 4078 714 4145; x_wconf 71' lang='lat' dir='ltr'>exspectationem</span> <span class='ocrx_word' id='word_1_333' title='bbox 727 4077 802 4148; x_wconf 87' lang='lat' dir='ltr'>quasi</span> <span class='ocrx_word' id='word_1_334' title='bbox 814 4077 968 4131; x_wconf 82' lang='lat' dir='ltr'>ludificarat.</span> <span class='ocrx_word' id='word_1_335' title='bbox 986 4075 1134 4141; x_wconf 78' lang='lat' dir='ltr'>Enimvero,</span> <span class='ocrx_word' id='word_1_336' title='bbox 1148 4083 1178 4128; x_wconf 89' lang='lat' dir='ltr'><strong><em>ut</em></strong></span> <span class='ocrx_word' id='word_1_337' title='bbox 1190 4073 1280 4149; x_wconf 67' lang='lat' dir='ltr'>pteriqp</span> 
     </span>
     <span class='ocr_line' id='line_1_37' title="bbox 201 4144 1280 4220; baseline 0.001 -22"><span class='ocrx_word' id='word_1_338' title='bbox 201 4144 316 4209; x_wconf 79' lang='lat' dir='ltr'>aiebant,</span> <span class='ocrx_word' id='word_1_339' title='bbox 333 4149 411 4197; x_wconf 83' lang='lat' dir='ltr'>natus</span> <span class='ocrx_word' id='word_1_340' title='bbox 424 4151 482 4197; x_wconf 82' lang='lat' dir='ltr'>erat</span> <span class='ocrx_word' id='word_1_341' title='bbox 492 4162 526 4197; x_wconf 88' lang='lat' dir='ltr'><strong><em>ex</em></strong></span> <span class='ocrx_word' id='word_1_342' title='bbox 537 4146 655 4210; x_wconf 74' lang='lat' dir='ltr'>tristitie,</span> <span class='ocrx_word' id='word_1_343' title='bbox 671 4164 748 4217; x_wconf 86' lang='lat' dir='ltr'>qnam</span> <span class='ocrx_word' id='word_1_344' title='bbox 761 4146 856 4200; x_wconf 85' lang='lat' dir='ltr'>tacitns</span> <span class='ocrx_word' id='word_1_345' title='bbox 867 4147 950 4218; x_wconf 84' lang='lat' dir='ltr'>pudor</span> <span class='ocrx_word' id='word_1_346' title='bbox 962 4152 1111 4217; x_wconf 87' lang='lat' dir='ltr'>pepereret.</span> <span class='ocrx_word' id='word_1_347' title='bbox 1147 4146 1280 4220; x_wconf 53' lang='lat' dir='ltr'>Scilicetvt</span> 
     </span>
     <span class='ocr_line' id='line_1_38' title="bbox 200 4211 1280 4284; baseline -0.003 -16"><span class='ocrx_word' id='word_1_348' title='bbox 200 4215 246 4268; x_wconf 86' lang='lat' dir='ltr'>ilia</span> <span class='ocrx_word' id='word_1_349' title='bbox 258 4213 372 4284; x_wconf 83' lang='lat' dir='ltr'>propriis</span> <span class='ocrx_word' id='word_1_350' title='bbox 392 4213 497 4266; x_wconf 87' lang='lat' dir='ltr'>somniis</span> <span class='ocrx_word' id='word_1_351' title='bbox 510 4214 623 4268; x_wconf 85' lang='lat' dir='ltr'>intentus</span> <span class='ocrx_word' id='word_1_352' title='bbox 642 4218 727 4270; x_wconf 85' lang='lat' dir='ltr'>omnia</span> <span class='ocrx_word' id='word_1_353' title='bbox 740 4217 812 4270; x_wconf 85' lang='lat' dir='ltr'>dieta</span> <span class='ocrx_word' id='word_1_354' title='bbox 828 4223 856 4269; x_wconf 85' lang='lat' dir='ltr'><strong><em>et</em></strong></span> <span class='ocrx_word' id='word_1_355' title='bbox 870 4219 942 4270; x_wconf 82' lang='lat' dir='ltr'>iacta</span> <span class='ocrx_word' id='word_1_356' title='bbox 953 4216 1013 4269; x_wconf 83' lang='lat' dir='ltr'>inda</span> <span class='ocrx_word' id='word_1_357' title='bbox 1026 4215 1221 4284; x_wconf 62' lang='lat' dir='ltr'>auspicabatur,</span> <span class='ocrx_word' id='word_1_358' title='bbox 1236 4211 1280 4265; x_wconf 68' lang='lat' dir='ltr'><strong><em>din*</em></strong></span> 
     </span>
     <span class='ocr_line' id='line_1_39' title="bbox 200 4273 1280 4406; baseline -0.002 -69"><span class='ocrx_word' id='word_1_359' title='bbox 200 4300 261 4338; x_wconf 88' lang='lat' dir='ltr'><strong><em>num</em></strong></span> <span class='ocrx_word' id='word_1_360' title='bbox 274 4301 333 4338; x_wconf 86' lang='lat' dir='ltr'><strong><em>enm</em></strong></span> <span class='ocrx_word' id='word_1_361' title='bbox 347 4281 464 4336; x_wconf 81' lang='lat' dir='ltr'>efflatum</span> <span class='ocrx_word' id='word_1_362' title='bbox 477 4300 587 4337; x_wconf 80' lang='grc' dir='ltr'><strong><em>τοσειινι</em></strong></span> <span class='ocrx_word' id='word_1_363' title='bbox 605 4284 690 4355; x_wconf 80' lang='lat' dir='ltr'>nispe</span> <span class='ocrx_word' id='word_1_364' title='bbox 724 4293 783 4339; x_wconf 85' lang='lat' dir='ltr'>etan</span> <span class='ocrx_word' id='word_1_365' title='bbox 798 4286 974 4356; x_wconf 79' lang='lat' dir='ltr'>gloriabatur3</span> <span class='ocrx_word' id='word_1_366' title='bbox 992 4292 1019 4337; x_wconf 85' lang='lat' dir='ltr'><strong><em>et</em></strong></span> <span class='ocrx_word' id='word_1_367' title='bbox 1031 4284 1117 4406; x_wconf 78' lang='lat' dir='ltr'>palam</span> <span class='ocrx_word' id='word_1_368' title='bbox 1130 4285 1232 4338; x_wconf 82' lang='lat' dir='ltr'>mentiri</span> <span class='ocrx_word' id='word_1_369' title='bbox 1242 4273 1280 4335; x_wconf 62' lang='lat' dir='ltr'><strong><em>rifi</em></strong></span> 
     </span>
    </p>
   </div>
   <div class='ocr_carea' id='block_1_5' title="bbox 139 4350 1280 4635">
    <p class='ocr_par' dir='ltr' id='par_1_5' title="bbox 139 4350 1280 4635">
     <span class='ocr_line' id='line_1_40' title="bbox 139 4350 1280 4425; baseline 0 -19"><span class='ocrx_word' id='word_1_370' title='bbox 139 4374 142 4377; x_wconf 64' lang='grc'>’</span> <span class='ocrx_word' id='word_1_371' title='bbox 202 4369 262 4406; x_wconf 89' lang='lat' dir='ltr'><strong><em>enm</em></strong></span> <span class='ocrx_word' id='word_1_372' title='bbox 278 4353 401 4424; x_wconf 85' lang='lat' dir='ltr'>pudebat</span> <span class='ocrx_word' id='word_1_373' title='bbox 436 4352 509 4417; x_wconf 79' lang='lat' dir='ltr'>Quin</span> <span class='ocrx_word' id='word_1_374' title='bbox 522 4359 550 4407; x_wconf 84' lang='lat' dir='ltr'><strong><em>et</em></strong></span> <span class='ocrx_word' id='word_1_375' title='bbox 568 4353 718 4424; x_wconf 79' lang='lat' dir='ltr'>imperatori</span> <span class='ocrx_word' id='word_1_376' title='bbox 736 4356 849 4425; x_wconf 83' lang='lat' dir='ltr'>pariter,</span> <span class='ocrx_word' id='word_1_377' title='bbox 868 4361 895 4408; x_wconf 87' lang='lat' dir='ltr'><strong><em>et</em></strong></span> <span class='ocrx_word' id='word_1_378' title='bbox 914 4355 972 4408; x_wconf 84' lang='lat' dir='ltr'>niiis</span> <span class='ocrx_word' id='word_1_379' title='bbox 986 4354 1031 4425; x_wconf 88' lang='lat' dir='ltr'><strong><em>qui</em></strong></span> <span class='ocrx_word' id='word_1_380' title='bbox 1049 4354 1164 4420; x_wconf 84' lang='lat' dir='ltr'>nsiibet,</span> <span class='ocrx_word' id='word_1_381' title='bbox 1183 4350 1280 4423; x_wconf 70' lang='lat' dir='ltr'>quaed!</span> 
     </span>
     <span class='ocr_line' id='line_1_41' title="bbox 201 4419 1280 4504; baseline -0.003 -29"><span class='ocrx_word' id='word_1_382' title='bbox 201 4421 278 4504; x_wconf 67' lang='lat' dir='ltr'>qnasi</span> <span class='ocrx_word' id='word_1_383' title='bbox 290 4421 415 4476; x_wconf 79' lang='lat' dir='ltr'>vaticinia</span> <span class='ocrx_word' id='word_1_384' title='bbox 425 4429 453 4477; x_wconf 84' lang='lat' dir='ltr'><strong><em>et</em></strong></span> <span class='ocrx_word' id='word_1_385' title='bbox 464 4422 563 4477; x_wconf 82' lang='lat' dir='ltr'>oblatas</span> <span class='ocrx_word' id='word_1_386' title='bbox 575 4423 700 4478; x_wconf 82' lang='lat' dir='ltr'>divinitus</span> <span class='ocrx_word' id='word_1_387' title='bbox 710 4426 825 4478; x_wconf 78' lang='lat' dir='ltr'>visiones</span> <span class='ocrx_word' id='word_1_388' title='bbox 838 4425 986 4489; x_wconf 78' lang='lat' dir='ltr'>reserebat3</span> <span class='ocrx_word' id='word_1_389' title='bbox 1001 4424 1029 4477; x_wconf 89' lang='lat' dir='ltr'><strong><em>in</em></strong></span> <span class='ocrx_word' id='word_1_390' title='bbox 1043 4423 1139 4493; x_wconf 84' lang='lat' dir='ltr'>quibus</span> <span class='ocrx_word' id='word_1_391' title='bbox 1152 4425 1204 4478; x_wconf 84' lang='lat' dir='ltr'>init</span> <span class='ocrx_word' id='word_1_392' title='bbox 1217 4419 1280 4476; x_wconf 76' lang='lat' dir='ltr'><strong><em>0th</em></strong></span> 
     </span>
     <span class='ocr_line' id='line_1_42' title="bbox 950 4562 1280 4635; baseline 0.004 -21.222"><span class='ocrx_word' id='word_1_393' title='bbox 628 4562 1280 4635; x_wconf 55' lang='lat' dir='ltr'><strong><em>„q</em></strong></span> 
     </span>
    </p>
   </div>
   <div class='ocr_carea' id='block_1_6' title="bbox 200 4627 1280 4708">
    <p class='ocr_par' dir='ltr' id='par_1_6' title="bbox 200 4627 1280 4708">
     <span class='ocr_line' id='line_1_43' title="bbox 200 4627 1280 4708; baseline 0.009 -24"><span class='ocrx_word' id='word_1_394' title='bbox 200 4627 266 4685; x_wconf 76' lang='lat' dir='ltr'><strong><em>nm</em></strong></span> <span class='ocrx_word' id='word_1_395' title='bbox 277 4628 432 4702; x_wconf 80' lang='lat' dir='ltr'>imperator,</span> <span class='ocrx_word' id='word_1_396' title='bbox 447 4637 585 4706; x_wconf 83' lang='lat' dir='ltr'>antequam</span> <span class='ocrx_word' id='word_1_397' title='bbox 597 4632 704 4691; x_wconf 78' lang='lat' dir='ltr'>classem</span> <span class='ocrx_word' id='word_1_398' title='bbox 715 4650 822 4708; x_wconf 82' lang='lat' dir='ltr'>prorsas</span> <span class='ocrx_word' id='word_1_399' title='bbox 832 4632 985 4690; x_wconf 80' lang='lat' dir='ltr'>instructam</span> <span class='ocrx_word' id='word_1_400' title='bbox 996 4632 1123 4701; x_wconf 62' lang='lat' dir='ltr'>teba«,</span> <span class='ocrx_word' id='word_1_401' title='bbox 1141 4645 1280 4706; x_wconf 69' lang='lat' dir='ltr'>pagana</span> 
     </span>
    </p>
   </div>
   <div class='ocr_carea' id='block_1_7' title="bbox 0 0 1288 5094">
    <p class='ocr_par' dir='ltr' id='par_1_7' title="bbox 0 0 1288 5094">
     <span class='ocr_line' id='line_1_44' title="bbox 0 0 1288 5094; baseline 0 0"><span class='ocrx_word' id='word_1_402' title='bbox 0 0 1288 5094; x_wconf 95' lang='lat' dir='ltr'><strong><em> </em></strong></span> 
     </span>
    </p>
   </div>
  </div>
 </body>
</html>
