2574 5114
209 664 285 741 748
498 669 739 738 NICEPHORIv
754 666 998 736 GREGORAE

44 847 73 898 λ.
88 847 120 897 bl.
134 843 266 925 6853ρου
281 861 312 902 τε
333 832 606 918 καταλελειμμένης
627 839 684 918 τῆς
698 839 755 920 γῆς
782 834 833 897 καὶ
856 827 1034 918 ἀνθρώπων
1059 826 1177 917 έρῆμου
1194 854 1281 894 παντι

78 919 131 979 ill·
140 916 285 1036 13υπασι
293 988 304 1020 ,
327 940 379 1003 καί
394 938 430 1004 τὸ
447 936 518 1003 ὅλον
532 939 623 1002 εἰπεῖν
636 935 830 1021 θηριώδους,
859 935 972 1021 ἀπορία
989 930 1162 1021 χρημάτων
1177 931 1281 1015 mucro

208 1046 266 1128 μέν
294 1042 406 1118 ἱκανῶς
427 1040 482 1106 τάν
507 1039 637 1122 βασιλέα
662 1039 937 1122 Καντακουζηνάν,
979 1035 1137 1123 περιϊόντα
1170 1035 1281 1125 Θρηίκην

210 1142 349 1232 ίμάστιζε
365 1147 384 1209 δ
389 1143 399 1169 ²
416 1143 472 1227 οάχ
487 1134 581 1229 ἦττον
593 1146 642 1208 καί
658 1143 856 1222 Βυζαντίους,
883 1146 940 1224 τῆς
953 1139 1231 1222 βασιλίδοςῖιίυνης
1243 1165 1281 1202 και

108 1254 110 1259 ’
169 1265 172 1271 ’
211 1276 278 1336 ριον
301 1247 389 1314 οὐδέν
411 1251 478 1332 περὶ
498 1246 554 1331 τὴν
576 1254 640 1313 τῶν
660 1241 851 1333 πραγμάτων
873 1250 1004 1334 μελετᾷν
1022 1242 1091 1309 οὔτ’
1112 1245 1226 1316 εἰδυίας
1239 1240 1281 1306 οδε

210 1349 381 1435 έθελοδσης
405 1352 570 1433 διοίκησιν·
597 1347 672 1415 ἀλλ’
696 1349 925 1435 ἀφαιρουμένης
937 1348 993 1428 μέν
1011 1347 1065 1412 τάν
1088 1352 1152 1410 τῶν
1168 1345 1281 1430 ἔερῶνιί·

210 1451 309 1521 κόνων
332 1451 449 1537 κόσμον
475 1452 603 1537 ἀνέδην,
632 1453 682 1517 καὶ
702 1451 736 1518 ὃν
758 1453 815 1534 μέν
839 1450 1073 1534 ἰκποιουμένης,
1102 1446 1138 1514 ὃν
1156 1449 1189 1513 δέ
1202 1447 1281 1532 χιυνιίς

180 1553 496 1645 Επαραπεμποδσης·
523 1550 676 1642 προφάσει
700 1556 757 1638 μέν
780 1554 832 1619 διά
855 1554 912 1637 τὴν
929 1555 961 1630 ές
973 1554 1012 1618 τὰ
1027 1551 1113 1617 κοινὰ
1125 1553 1243 1636 χρείαν,
1263 1547 1281 1611 τι

211 1663 245 1727 δέ
260 1666 401 1726 πλεῖστον
427 1663 470 1736 εἰς
497 1655 610 1741 έαυτῇς
638 1658 717 1723 ἰδιον
745 1659 862 1744 κέρδος.
905 1653 976 1745 (A.)
1006 1661 1117 1720 Ταῦτα
1140 1654 1173 1720 δ’
1189 1653 1281 1737 ἰργυζο

209 1765 284 1848 μένη
316 1763 467 1829 οὐδὲτοῦ
499 1772 674 1847 κακουργεῖν
703 1762 850 1845 ἀπέσχετο
875 1759 948 1836 coba
979 1756 1142 1836 ἐνδόξους,
1175 1760 1222 1821 καὶ
1242 1753 1281 1819 iao

207 1863 378 1952 χρημάτων
395 1867 513 1930 οἰκείων
526 1867 684 1956 περιουσίᾳ
697 1864 839 1952 προάχειν
852 1860 988 1928 έδόκουν.
1017 1862 1060 1927 δι’
1078 1861 1098 1926 ἀ
1115 1861 1154 1943 δὴ
1167 1863 1215 1924 καλ
1230 1852 1281 1932 icti

209 1971 290 2056 μέγα
312 1971 362 2033 καὶ
378 1965 561 2053 περιβόητον
579 1968 659 2054 ἱερὸν
676 1975 731 2051 τῆς
746 1975 802 2033 τοῦ
819 1973 898 2032 θεοῦ
919 1968 1055 2052 Σοφίας,
1082 1962 1199 2029 ἀσύλου
1219 1957 1280 2027 πίλα

211 2078 391 2158 καταφυγῆς
409 2071 590 2154 κεκτημένον
613 2069 783 2157 προνδμιιι,
817 2067 1066 2156 καταφεύγοντας
1093 2067 1234 2133 ἀπέσπων
1249 2065 1281 2148 φεῖ

181 2174 352 2258 Εάπηνῶς,
384 2175 434 2238 καὶ
455 2173 569 2251 πάσαις
593 2172 758 2240 ἀπεώθουν
777 2176 882 2258 χερσὶν
912 2175 955 2248 εἰς
982 2171 1101 2258 εἱρκτὴν
1133 2173 1183 2235 καί
1212 2166 1281 2252 λίγδην

211 2275 295 2342 ἀπαν
320 2262 416 2364 φιίναι
439 2275 604 2365 φρούριον·
633 2274 675 2355 ὥς
697 2277 950 2363 ἀναγκασθέντας
973 2274 1033 2359 ἤδη
1049 2274 1157 2340 λοιπδν
1172 2273 1281 2349 rodem·

112 2395 144 2450 V.
153 2377 388 2465 379iocnuipouc
411 2381 617 2468 (ἰφευρετικὸν
638 2381 696 2466 γὰρ
720 2377 800 2445 εἰναί
816 2405 895 2466 φασι
914 2379 970 2462 τὴν
993 2375 1145 2465 ἀνάγκην)
1160 2380 1191 2454 ές
1206 2374 1281 2441 rimi

210 2487 243 2549 Γ
240 2480 357 2548 αλάτου
379 2482 579 2570 καταφεύγειν
600 2482 766 2572 φρούριον,
797 2489 853 2566 τῆς
873 2479 1080 2568 περιστάσεως
1101 2487 1193 2545 τοῦτο
1211 2499 1281 2561 prpe

209 2586 382 2671 νησαμίνης
398 2588 435 2667 ίξ
450 2586 627 2670 αάτομάτου
643 2584 791 2673 φρούριον
814 2585 926 2671 ὀχυρὸν
953 2586 1003 2652 καί
1028 2581 1113 2670 ἱεράν
1137 2610 1204 2649 τινα
1219 2581 1281 2664 bau

137 2674 138 2681 i
211 2715 269 2774 ραν
294 2692 345 2754 καὶ
362 2674 493 2755 7ἀσυλον
515 2690 611 2768 ἀντίος
637 2687 828 2775 καταφυγήν.
865 2691 964 2753 καίτοι
986 2689 1037 2751 καὶ
1069 2684 1280 2772 βαρβάροιςκν

203 2791 349 2876 Ἕλλησι,
377 2794 428 2857 καὶ
459 2791 544 2881 adop
562 2802 600 2880 γῇ
621 2797 672 2858 καὶ
696 2790 863 2878 θαλάσση,
897 2794 947 2856 καί
979 2788 1094 2867 πάσαις
1124 2787 1281 2875 ἡγεμονικοί

113 2905 202 2963 Ρ.469
211 2897 363 2973 ἐξουσίαις
369 2943 378 2973 ,
406 2897 580 2979 εἰθισμένον
599 2896 645 2961 ἀεί
668 2895 710 2960 δι’
736 2899 848 2971 αἰῶνος
870 2893 973 2960 οἴκτου
992 2896 1042 2958 καὶ
1056 2891 1233 2978 σπλάγχνων
1243 2909 1281 2952 τοιΙ

212 3004 292 3063 αὕτα
318 3003 488 3080 κεκτῆσθαι
512 3001 670 3084 δείγματα.
697 2985 899 3085 Χριστιανοίς
920 2996 954 3062 δ’
979 2990 1064 3062 odom
1079 2993 1173 3080 ἡμῖν,
1192 2991 1281 3060 sulm

209 3097 347 3183 μάλιστα
366 3097 516 3187 χρῄζουσι
538 3108 595 3187 τῆς
619 3098 728 3184 ὁμοίας
750 3101 829 3186 πρὸς
852 3107 929 3167 θεοῦ
953 3096 1114 3185 τυγχάνειν
1126 3095 1281 3182 συμμαχίας,

276 3247 303 3303 5.
321 3248 437 3370 μείλετᾷν
455 3265 502 3321 em,
519 3247 594 3302 Βοίν.
611 3264 659 3320 pro
675 3248 802 3318 μελετῶν.
872 3248 915 3305 11.
937 3246 1086 3318 περιουσίᾳ
1102 3245 1177 3299 Boia.
1194 3259 1239 3316 pro
1251 3252 1281 3292 st

278 3333 347 3385 οονο
360 3337 386 3389 ᾳ.

209 3452 242 3490 ex
259 3453 290 3489 eo
306 3441 378 3489 terra
394 3435 491 3490 baculis
506 3435 685 3501 remansisset,
702 3440 730 3491 el
749 3435 846 3491 colonis
866 3436 967 3490 omnino
982 3453 1083 3500 vacuo,
1101 3453 1132 3489 ac
1147 3448 1245 3505 prorant
1258 3423 1281 3492 (n

209 3505 249 3558 its
264 3505 360 3574 dicam)
378 3507 450 3569 fera,
469 3507 672 3559 Cantaeuzenum
687 3506 880 3577 imperatorem,
897 3506 1017 3574 regiones
1032 3506 1089 3557 illas
1109 3506 1281 3578 circumeuntfn

209 3592 260 3628 non
277 3576 413 3629 mediocris
431 3575 581 3644 flagellabat
597 3577 723 3645 pecuniae
738 3576 842 3645 inopis3
866 3594 913 3627 nec
930 3576 1010 3627 minor
1029 3574 1181 3643 Byzantios,
1199 3578 1281 3624 conl!

209 3645 326 3713 peratrix
341 3648 414 3696 Anna
433 3645 496 3696 nihil
517 3645 587 3696 circa
607 3663 691 3698 rerum
710 3645 952 3698 administrationem
974 3655 1117 3713 opportune
1136 3650 1244 3695 statuere
1256 3643 1281 3686 aa

210 3721 300 3780 posset
317 3721 360 3764 aut
374 3713 468 3774 vellet3
486 3714 533 3764 sed
549 3730 678 3765 sacrarum
695 3715 830 3779 imaginum
850 3720 998 3766 ornamenta
1019 3713 1139 3764 licentius
1158 3704 1281 3763 detrabtttl

210 3788 238 3832 et
251 3781 302 3831 alia
314 3781 447 3844 venderet,
465 3781 516 3833 ulia
530 3783 562 3835 ad
580 3783 710 3835 aurificem
725 3783 853 3845 mitteret3
871 3782 958 3851 specio
973 3782 1088 3850 quidem,
1107 3790 1136 3832 ut
1148 3781 1174 3833 in
1191 3783 1281 3889 usurp*

209 3847 291 3901 blicos
301 3847 475 3917 impenderem
494 3857 521 3903 at
534 3851 640 3903 maxima
653 3868 684 3902 ex
700 3860 785 3921 parte,
800 3861 830 3903 ut
841 3853 868 3903 in
882 3869 934 3903 rem
948 3868 1019 3903 suam
1033 3857 1205 3902 converteret.
1232 3843 1252 3911 (Ι
1265 3834 1281 3920 δ

209 3916 282 3969 Haec
297 3935 371 3986 porro
384 3935 440 3971 cum
454 3920 565 3983 faceret,
583 3938 615 3973 ne
629 3929 680 3972 tum
696 3922 795 3990 quidem
812 3922 844 3972 ab
857 3920 981 3971 vexandis
1000 3920 1032 3971 iia
1046 3919 1205 3979 abstinebat,
1221 3905 1281 3983 quill·

208 3985 341 4039 lustriores
354 3996 437 4051 erant,
455 3996 499 4041 eut
511 3989 549 4042 rei
563 3989 694 4042 familiaris
706 3989 780 4058 eopia
796 3990 926 4041 abundare
942 3989 1103 4040 videbantur.
1142 3984 1281 4057 Quocirtaf

208 4074 261 4121 eos,
279 4056 323 4124 qui
341 4058 373 4109 sd
383 4074 501 4125 magnum
517 4055 759 4126 celeberrimumque
771 4059 799 4110 S.
811 4058 925 4128 Sophiae
940 4057 1069 4126 templum,
1086 4056 1205 4108 inviolati
1216 4048 1281 4105 isso*

207 4125 322 4194 perfugii
336 4126 478 4195 privilegiis
492 4135 622 4191 ornatum,
639 4128 832 4194 confugissent,
849 4127 996 4178 evellebant
1009 4129 1056 4178 beu
1071 4127 1212 4178 crudeliter
1226 4121 1281 4173 soit

206 4192 241 4244 tis
256 4194 355 4246 viribus
368 4195 395 4246 in
412 4213 537 4249 carcerem
551 4203 578 4248 et
589 4197 616 4248 in
631 4196 771 4265 quamlibet
788 4197 831 4262 (ut
843 4195 882 4247 ita
895 4197 994 4263 dicam),
1009 4195 1108 4247 Oblivii
1123 4211 1206 4247 arcem
1219 4192 1281 4242 detti

207 4262 311 4314 debant.
347 4262 437 4316 Cuncti
455 4264 543 4335 itaque
556 4265 641 4318 nuiseri
659 4266 766 4331 (etenim
785 4266 942 4332 ingeniosum
959 4264 1080 4333 quiddam
1096 4282 1154 4316 esse
1172 4255 1281 4315 necessitf

206 4336 257 4382 tem
272 4332 373 4397 ferunt)
391 4333 423 4384 ad
437 4334 588 4387 Galataenm
600 4334 731 4386 castellum
745 4333 942 4402 confugiebant,
961 4334 1019 4402 ipsa
1032 4332 1154 4384 videlicet
1167 4323 1281 4384 colonial

207 4408 300 4468 suapte
314 4401 375 4453 illud
393 4402 444 4454 sibi
458 4406 627 4472 providente,
644 4403 797 4472 praesidium
810 4404 906 4455 lirinum
924 4412 951 4455 et
971 4420 1069 4454 sacram
1090 4403 1214 4470 quandam
1232 4404 1281 4451 antn

120 4535 122 4538 ⁴
207 4484 261 4521 ram
276 4478 304 4521 et
315 4471 464 4524 inviolatum
478 4491 540 4525 vere
555 4474 708 4542 perfugium.
745 4472 825 4541 Atqui
840 4480 867 4524 et
887 4473 1004 4524 barbaris
1018 4480 1045 4523 et
1058 4472 1184 4533 Graecis,
1202 4477 1228 4523 et
1241 4472 1281 4519 ⁰³¹¹

206 4542 294 4591 terrae
305 4557 336 4591 ao
349 4542 426 4604 mari,
444 4548 471 4593 st
485 4541 600 4593 omnibus
614 4541 729 4610 imperiis
742 4543 774 4594 ab
788 4541 854 4592 omni
870 4558 935 4593 aevo
951 4541 1027 4593 moris
1041 4541 1104 4604 fuit,
1124 4549 1153 4591 ut
1166 4536 1281 4592 miserico*

207 4606 267 4659 diae
281 4614 308 4660 et
322 4609 431 4662 affectus
446 4610 509 4662 talia
521 4611 588 4678 apud
600 4629 629 4663 se
642 4610 765 4662 haberent
777 4610 899 4692 exempla.
925 4612 945 4662 Α
959 4609 1033 4662 nobis
1046 4627 1117 4672 vero,
1136 4611 1180 4678 qui
1194 4619 1221 4661 et
1232 4606 1281 4658 Cb!

205 4676 285 4733 suani
298 4694 397 4744 sumus,
414 4686 442 4734 et
457 4696 525 4733 nuno
537 4679 644 4733 maxime
656 4679 733 4733 simili
745 4679 854 4734 numina
869 4679 966 4733 auxilio
978 4679 1137 4749 indigemus,
1154 4678 1218 4731 illud
1229 4677 1281 4730 int¹
