2640 5108
209 646 284 739 σοι
391 735 409 754 „
514 652 748 724 ncnnnoiu
768 650 1035 721 cneconun.

47 830 76 882 Α,
89 829 121 880 ιι.
133 826 204 882 6852
211 821 408 907 πορίζεσθαι,
434 812 535 904 δόγμα
553 819 638 884 τυυτλ
659 816 760 884 κοινόν
772 817 805 883 ἐκ
818 822 933 883 πολλοῦ
950 813 1081 901 κατίστη
1095 815 1146 880 καὶ
1161 808 1299 901 γεῆφισμι

80 899 131 950 hd*
143 899 250 1019 12ητῇ
266 930 354 1011 σφῶν
367 923 504 1012 πολιτείην
519 920 558 986 τὰ
572 921 699 1005 μίγιστα
715 920 853 1009 ὠφελοῦν
860 968 871 1000 ,
898 918 1035 994 σπονδὰς
1050 921 1100 984 καὶ
1115 921 1222 1004 φιλίας
1237 943 1299 983 σου

209 1030 358 1094 τίθεσθαι
371 1025 450 1112 πρός
463 1023 535 1100 τούς
549 1031 611 1089 τῶν
624 1024 893 1110 παραθαλασσίων
905 1019 1021 1087 πόλεων
1035 1017 1189 1106 ἡγεμόνας
1194 1071 1205 1100 ,
1234 1018 1299 1086 όπό

208 1156 267 1207 σος
288 1131 404 1213 λιμένες
431 1127 546 1212 ἀγαθοί
566 1125 778 1214 περικλόζουσί
788 1151 821 1191 τε
843 1128 893 1190 καλ
906 1121 1127 1211 προσκλόζουσι
1136 1173 1146 1203 ,
1173 1127 1224 1189 καὶ
1240 1123 1299 1189 cist

207 1261 276 1320 μων
290 1231 327 1299 οὗ
351 1232 468 1297 δεδίασι
489 1226 656 1306 κλύδωνας.
692 1228 944 1314 ἀναγκαζομένοις
963 1227 1023 1314 γὰρ
1051 1229 1082 1303 ίς
1096 1226 1170 1301 τούς
1192 1225 1299 1292 αότόθ1

209 1336 323 1412 τόπους
338 1337 509 1420 καταίρειν,
538 1333 661 1410 καὶτὰς
677 1332 841 1418 ἐμπορικὰς
853 1333 959 1417 χρείας
973 1327 1090 1396 διδόναι
1107 1355 1139 1394 τε
1156 1332 1209 1394 καὶ
1228 1335 1299 1413 λαμ-

207 1437 329 1524 βάνειν,
355 1438 392 1504 eui
408 1434 558 1524 πρότερον
580 1434 663 1513 ἔδοξε
677 1432 783 1525 ῥᾴδιόν
805 1438 911 1522 σφισιν
929 1430 1020 1512 είναι,
1046 1436 1118 1519 πρὶν
1135 1434 1246 1520 φίλους
1263 1435 1299 1518 γί-

208 1550 318 1610 νεσθαι
325 1590 336 1622 ,
366 1538 412 1617 οἷς
427 1546 490 1605 τῶν
502 1536 697 1626 όρμητηρίων
711 1535 852 1623 ἡγεμόσιν
867 1534 942 1603 εἶναι
957 1536 1165 1618 συμπέπτωκε.
1192 1532 1299 1622 ηιόρουι

204 1650 310 1712 τοίνυν
325 1643 514 1731 παρέχεσθαι
526 1638 757 1725 ὖπισχνυόμενοι
765 1691 776 1722 ,
804 1640 883 1706 καθ’
901 1636 1018 1725 όπόσην
1030 1641 1081 1704 καί
1096 1641 1165 1704 ολάν
1179 1640 1217 1705 τό
1232 1636 1299 1704 σόν-

107 1756 296 1834 ν,347θημα
321 1748 435 1833 γίνοιτο
467 1743 656 1832 ἕκατίρωθεν
680 1741 784 1825 τάξιν,
827 1747 878 1809 καὶ
898 1746 1056 1827 χρειωδῶν
1086 1738 1299 1824 ἁπανταχόθεν

105 1843 351 1919 Ι’Ᾰῗίίίιπόντων
370 1851 597 1932 είσκομίζοντας
615 1849 793 1935 προτιθέναι
815 1845 880 1913 κατ’
906 1847 1046 1924 ίξουσίαν
1064 1843 1212 1911 ὠνεῖσθαι
1234 1845 1299 1920 τοός

204 1956 431 2040 βουλομένους,
460 1954 510 2015 καλ
534 1948 633 2026 οὕτως
647 1951 695 2015 ίπλ
716 1950 820 2042 ῥητοῖς
840 1951 877 2018 τό
900 1947 1128 2035 συγκεχωρηκὸς
1150 1945 1299 2031 δεχόμενα

206 2054 382 2143 καταγιόγια
397 2056 449 2119 καί
464 2053 561 2136 νομός
581 2052 733 2120 ίπαόλεων
754 2051 831 2139 πρός
853 2080 885 2120 τε
908 2051 1028 2118 ἑαυτῶν
1043 2050 1230 2136 όνεγείρουσι
1249 2077 1299 2116 κα-

206 2163 325 2247 θίδρας
349 2183 381 2222 τε
403 2159 452 2222 καὶ
478 2155 607 2242 οἰκήσεις
614 2206 624 2236 ,
659 2159 709 2248 καί
726 2154 785 2221 ὅσα
801 2158 878 2243 πρὸς
893 2152 1049 2240 όποδοχὴν
1064 2153 1247 2241 ἀποχριῦντ’
1267 2153 1299 2219 ἂν

204 2264 250 2347 είη
266 2268 330 2328 τῶν
349 2259 517 2345 ἀγωγίμων.
571 2256 639 2347 (Γ.)
665 2259 759 2326 Κατὰ
781 2261 820 2344 δὴ
838 2267 949 2327 τοῦτον
972 2257 1027 2325 τόν
1040 2254 1156 2342 τρόπον
1173 2256 1212 2323 οό
1225 2263 1299 2323 πολ-

204 2372 270 2442 λοῖς
295 2389 374 2430 τισιν
395 2362 473 2428 ἔτεσι
497 2360 647 2450 πρότερον
670 2365 720 2428 καὶ
741 2359 761 2447 ἧ
784 2364 916 2448 ῥηθεῒσα
941 2359 1030 2438 πόλις
1047 2360 1169 2449 ᾠκίσθη
1191 2369 1258 2434 τοῖς
1272 2361 1299 2424 ἐκ

172 2458 357 2543 ΒΓεννοόας
381 2469 551 2545 Λατίνοις,
584 2465 832 2553 προσεληλυθόσι
853 2464 1004 2555 πρότερον
1024 2470 1069 2552 τῷ
1085 2470 1147 2528 τῶν
1167 2469 1299 2530 Σκυθῶν

200 2568 323 2657 ἡγεμόνι
354 2571 406 2634 καὶ
432 2569 468 2634 τό
498 2566 659 2653 ἐνδόσιμον
679 2567 836 2656 εἰληφόσιν
854 2572 980 2635 ἐκεῖθεν.
1007 2563 1118 2650 ἥκιστό
1134 2591 1166 2651 γε
1178 2567 1243 2649 μὴν
1261 2562 1299 2641 ιδς

202 2674 259 2759 ἔχει
274 2671 407 2760 τήμερον
422 2675 540 2756 τείχους
557 2669 636 2755 όμοῦ
651 2675 701 2738 καὶ
718 2675 869 2758 μεγέθους
884 2671 980 2748 εόθδς
997 2669 1129 2735 ίκτισται
1145 2672 1177 2746 ἓξ
1193 2669 1299 2753 ἀρχῆς,

200 2777 279 2844 ἀλλὰ
298 2773 411 2863 τάφρῳ
433 2777 483 2839 καί
504 2772 636 2858 σκόλοψι
650 2773 770 2858 βραχύν
792 2800 860 2841 τινα
877 2782 982 2861 χῶρον
1005 2770 1163 2861 ὁρίσαντες
1188 2773 1299 2856 ἀτείχι-

198 2907 273 2947 στον
293 2879 392 2968 ᾤκουν
409 2875 521 2942 αὐτόν·
548 2876 648 2964 ἦρίμα
669 2881 688 2942 δ
695 2877 705 2902 ³
729 2876 831 2943 ἔπειτα
845 2881 895 2943 καὶ
916 2876 995 2943 κατὰ
1017 2875 1119 2964 βραχδ
1139 2872 1299 2960 προϊόντος

198 2990 256 3049 τοῦ
279 2977 395 3068 χρόνου
421 2982 531 3056 λίθους
551 2978 583 3044 ἔκ
607 3005 640 3045 τε
663 2987 719 3066 γῆς
739 2984 790 3045 καὶ
815 2979 977 3066 θαλάττης
1002 2982 1176 3062 κομίζοντες
1202 2981 1299 3054 οἰκίας

199 3083 231 3162 ίς
255 3109 287 3149 τε
310 3078 427 3157 πλάτος
447 3085 498 3147 καί
516 3089 616 3166 μῆκος
634 3080 829 3172 ᾠκοδόμουν,
861 3084 939 3173 πρὸς
961 3083 1059 3149 πολόν
1076 3080 1131 3147 τόν
1153 3081 1231 3167 ἀίρα
1246 3081 1299 3148 τόν

167 3187 315 3276 θόροφον
339 3183 561 3272 όναφίροντες·
597 3182 639 3262 ὥς
659 3188 691 3252 ἐν
707 3194 822 3274 βραχεῖ
837 3195 882 3280 τῷ
899 3185 1004 3279 χρόνῳ
1022 3187 1162 3261 πλείονος
1179 3183 1200 3270 ἢ
1219 3185 1299 3251 κατὰ

263 3319 304 3373 11.
320 3319 381 3381 τοῖς
396 3314 576 3388 βουλομένοις
592 3314 658 3370 esui.
675 3316 751 3374 Boiu.

193 3420 382 3544 nutum
396 3419 1299 3556 :intimuitfflssuttki⁰stri⁰iuru⁰ritnit

192 3576 359 3681 ffippcupipue
378 3557 500 3679 ⁰⁰¹¹¹f⁰⁰gi
517 3559 590 3679 pithab
603 3574 709 3681 {fleme
721 3569 854 3680 vpptemm
871 3560 957 3681 secpri
973 3569 1063 3681 politus
1078 3557 1242 3678 circuppfnsis
1257 3557 1299 3610 rel

262 3645 292 3680 en
333 3645 453 3680 usmarus
486 3645 516 3679 uc
556 3644 586 3678 us
638 3645 687 3681 uun
772 3646 912 3682 amcumn
947 3647 979 3681 ea
1009 3645 1093 3680 neas
1131 3643 1211 3679 eere
1229 3643 1299 3679 rner-

192 3713 289 3766 ceaque
302 3697 355 3750 iilic
369 3697 452 3749 dando
466 3695 667 3766 accipiendaque
681 3702 781 3750 mutere
794 3715 839 3751 eos
854 3715 959 3751 necessa
972 3698 1016 3759 sit,
1033 3709 1081 3750 nun
1093 3645 1163 3766 ἔξω
1175 3696 1203 3747 id
1219 3695 1298 3747 facila

191 3782 249 3819 esse
264 3773 434 3834 putaverunt,
451 3782 526 3833 quam
540 3764 562 3817 ai
576 3766 670 3819 amices
682 3767 733 3819 sibi
747 3768 864 3821 iacerent
876 3785 921 3820 eos
935 3767 1076 3836 principes,
1094 3765 1186 3834 quibus
1198 3781 1297 3846 oppor-

191 3840 271 3888 tunae
284 3834 344 3887 illaa
358 3834 484 3886 stationes
498 3833 618 3904 propriae
629 3836 791 3904 obtigissent.
817 3837 869 3890 Ubi
883 3837 972 3906 itaque
984 3836 1164 3905 promiserunt,
1176 3840 1298 3900 vectiga-

189 3902 226 3955 lia
240 3921 268 3956 se
280 3905 417 3966 soiunirus,
434 3911 530 3972 quanta
543 3911 571 3958 et
584 3905 670 3974 qualia
685 3906 805 3989 utrinque
818 3906 975 3968 convenerit,
993 3913 1020 3957 et
1034 3921 1065 3957 eu
1081 3920 1147 3972 quae
1161 3904 1219 3954 usui
1235 3901 1297 3966 sint,

189 3971 359 4041 undecunque
373 3971 491 4037 advectu,
505 3972 589 4026 *libere
604 3973 702 4026 emendi
717 3991 815 4043 copiam
833 3974 940 4027 cuilibet
951 3974 1073 4036 facturos,
1091 3980 1169 4040 atque
1184 3971 1223 4022 ita
1237 3988 1298 4024 cer-

189 4041 224 4092 tis
239 4041 341 4108 legibus
360 4040 446 4094 datam
465 4041 594 4096 licentiam
616 4051 790 4114 receperunt,
807 4043 950 4096 diversoria
965 4050 992 4094 et
1008 4043 1130 4095 tabernas
1145 4040 1295 4103 aedificent,

188 4108 233 4162 ubi
249 4109 342 4163 aedem
355 4109 362 4160 i
383 4109 406 4161 si
442 4112 525 4164 assint
536 4118 563 4164 et
575 4111 707 4178 habiture,
726 4120 754 4165 et
767 4114 907 4181 apothecas
924 4111 1057 4182 capiendis
1076 4110 1203 4162 mercibus
1218 4126 1296 4180 pares

187 4177 292 4231 hebere.
327 4178 368 4246 (Η
382 4180 404 4246 .)
423 4128 453 4232 in
467 4181 533 4233 hunc
544 4181 644 4234 mudum
660 4189 688 4233 et
701 4181 755 4243 ilia,
765 4199 841 4250 quam
856 4181 975 4245 diximus,
991 4181 1052 4232 urba
1066 4188 1127 4232 autc
1145 4195 1226 4231 annos
1244 4195 1295 4230 non

186 4246 278 4299 multus
290 4247 399 4300 fundate
413 4255 453 4301 est
466 4267 482 4302 a
496 4249 599 4303 Latinis
611 4249 800 4314 Genuensihus‚
821 4257 956 4320 postquem
970 4266 1061 4317 nempe
1075 4248 1232 4316 Scytharum
1245 4246 1296 4298 du-

186 4333 241 4368 cem
255 4317 442 4382 convenissent,
459 4323 486 4371 et
499 4319 646 4380 facultatem
662 4320 696 4383 ab
709 4336 739 4371 ea
755 4321 924 4389 accepissent.
959 4319 1020 4371 Non
1032 4326 1116 4370 tumen
1129 4323 1157 4368 et
1172 4317 1254 4368 inuris
1267 4324 1296 4368 et

185 4385 369 4451 magnitudine,
386 4392 416 4439 ut
427 4405 495 4440 nunc
508 4406 537 4440 se
552 4388 640 4452 habet,
655 4389 693 4440 ita
709 4389 795 4441 statim
810 4389 843 4441 ab
857 4389 930 4441 initio
945 4389 1053 4440 fundata
1066 4393 1114 4438 est
1142 4385 1197 4437 Sed
1211 4386 1296 4437 breve

184 4452 310 4521 quoddam
327 4456 411 4524 agris
430 4457 508 4509 atium
522 4458 595 4510 tussa
612 4463 640 4509 et
652 4456 720 4509 vello
735 4474 790 4509 nrm
806 4456 983 4520 definiissent,
1001 4454 1151 4509 habitavere
1163 4453 1217 4506 iilic
1235 4455 1298 4506 ebs-

183 4538 234 4590 que
247 4525 333 4577 muris.
367 4526 389 4578 P
424 4526 529 4579 etantirn
543 4524 637 4578 deinde
650 4533 678 4578 et
690 4525 829 4594 paulatim,
848 4526 1004 4595 procedente
1017 4533 1145 4591 tempure,
1163 4523 1295 4591 lapidibus

177 4595 252 4661 >terra
267 4608 298 4643 ac
312 4593 376 4646 muri
389 4595 537 4656 convectis,
554 4595 580 4646 in
596 4594 673 4647 iatum
688 4600 716 4646 et
732 4594 834 4663 longum
849 4595 1032 4656 aedificarunt,
1049 4599 1121 4644 tectu
1136 4592 1195 4658 ipsa
1210 4591 1238 4644 in
1257 4591 1296 4643 ai·

181 4665 235 4713 tum
246 4661 410 4729 attollentes5
426 4664 466 4716 sic
481 4670 510 4717 ut
521 4663 610 4717 furtim
623 4664 681 4733 plus
693 4664 773 4733 spatii
785 4680 862 4735 quam
875 4662 927 4717 sibi
939 4663 1027 4718 datum
1038 4661 1128 4715 iuerat
1140 4659 1215 4716 brari
1230 4668 1296 4715 teur-
