2700 5092
232 615 310 691 eoo
397 711 399 714 ‚
522 623 762 693 mononem
780 622 1022 693 aureonno
1074 717 1088 725 ἱ

232 781 345 836 laudare
360 793 408 834 teo
427 779 578 851 uituperare
595 780 746 834 decreuerit.
782 780 852 847 Quid
867 779 1018 844 ortcndere,
1040 777 1104 849 aoid
1118 778 1280 848 percuaderc
1302 779 1325 834 le

231 853 343 905 ctoribur
359 849 456 918 cupiat.
491 850 632 918 Erpeditio
648 858 727 918 capto
742 851 868 903 odoereur
884 849 1001 902 mbae.
1032 848 1137 900 Morbus
1153 849 1325 902 Triballorum

231 922 273 975 Re
289 922 387 986 infecto
403 921 507 972 domum
523 920 624 973 reditur
640 919 694 987 (3).
724 920 847 972 Amuriur
858 920 947 971 media
956 919 1041 971 bieme
1053 918 1249 985 Hellcrponturn
1260 921 1325 972 troii

231 992 277 1055 cit,
297 991 507 1042 Cantaamnum
523 990 695 1057 quaeriturue.
717 989 926 1057 Didpmoticbum
941 1005 1022 1056 uroue
1041 988 1220 1057 progreditur.
1245 989 1325 1042 Irene

230 1060 423 1131 imperatricem
439 1076 491 1110 non
507 1060 582 1121 odit,
598 1076 631 1110 ne
648 1059 761 1111 dobrem
778 1066 913 1126 corupectu
930 1063 1039 1126 augeat.
1074 1060 1142 1110 Aere
1158 1063 1186 1110 et
1201 1057 1325 1110 oebemen

231 1130 312 1183 amici
333 1128 489 1181 deriderium
509 1128 594 1181 oerbir
617 1128 743 1180 declarat.
781 1128 854 1180 Miro
869 1128 898 1179 in
919 1127 1020 1179 meone
1043 1126 1154 1178 borbore
1176 1126 1325 1180 bumonitat

238 1198 405 1282 lllriprima
426 1199 485 1251 laur
506 1197 659 1261 tribuenda,
690 1197 871 1250 Gonmcuaeno
891 1196 1087 1280 an··Amurio.·
1107 1195 1177 1262 Quid
1193 1198 1325 1282 amidtiar

231 1265 1325 1403 titt5²..latitatttttt.ttlttttlt,.llt”“tt.lt.tmt⁶⁰.tl

232 1424 292 1460 mae
310 1407 449 1474 angrrrtioo
471 1407 613 1458 adductam
635 1407 743 1459 colatur.
779 1406 873 1458 Hieme
896 1407 1035 1458 exercitum
1054 1405 1212 1470 insectante,
1236 1407 1325 1458 domur

232 1477 310 1530 redit.
345 1474 476 1527 Manuelie
495 1476 687 1528 Torclraniotoc
709 1476 832 1544 elogium.
869 1476 904 1528 Ut
923 1475 1103 1527 Cantoeueeno
1119 1476 1237 1543 quaerito
1254 1482 1281 1527 et
1299 1476 1325 1527 in

231 1553 311 1598 cento
325 1545 533 1613 Didymotieltum
547 1562 665 1597 reuereue
678 1546 772 1598 anoioe
784 1545 945 1612 imperatrici
955 1544 1122 1613 graturimue
1135 1544 1271 1597 advenerit
1286 1545 1325 1612 (41

232 1616 326 1669 Altera
349 1614 386 1665 od
408 1615 518 1667 Serrlrae
544 1616 720 1666 Cantanreeni
742 1614 869 1682 expeditio
891 1615 976 1666 irrito.
1030 1614 1237 1680 Didymoticbum
1260 1631 1325 1682 arpo

232 1685 346 1740 haurire
363 1700 421 1736 eum
438 1701 490 1735 non
505 1685 567 1736 cinit
586 1683 760 1735 Triballorum
776 1685 912 1736 timiditas.
953 1682 997 1734 Ad
1017 1684 1120 1735 Crolem
1141 1684 1239 1735 inuitur
1261 1683 1325 1736 redit

235 1755 360 1809 Comitem
376 1769 462 1805 recum
479 1755 551 1805 ducit
567 1754 691 1805 loannem
704 1754 827 1816 Aeonem,
844 1755 941 1804 iuream
955 1753 1043 1804 Cbreli
1057 1753 1163 1805 tradere
1180 1769 1266 1805 arcem
1281 1753 1325 1806 dle

231 1824 316 1879 letrici.
350 1823 451 1891 Legati
466 1821 671 1887 Berrbaeeneer,
698 1821 774 1875 Crale
791 1824 901 1891 iniquae
911 1823 1068 1874 conditiones
1082 1830 1255 1890 proponente,
1282 1840 1325 1875 ceo

232 1894 412 1948 Gantacueenc
436 1893 504 1943 elam
526 1900 620 1961 agunt.
655 1892 707 1943 Hic
724 1893 884 1944 Bcrrlroeom
907 1908 938 1943 er
960 1899 1039 1960 pacto
1062 1891 1096 1960 i¹
1125 1892 1219 1944 oditur.
1255 1890 1325 1944 Croli

230 1963 414 2016 incunctantia.
450 1962 544 2014 Melior
561 1979 591 2013 eo
609 1978 638 2014 eo
656 1962 832 2014 Cantaermeni
845 1965 966 2029 fortuna.
1002 1961 1134 2014 Tribolur
1151 1961 1222 2013 dolet
1238 1978 1266 2013 ce
1284 1963 1325 2014 clu

230 2048 297 2088 rum.
333 2027 486 2084 Pa'ctienum
501 2048 599 2083 memor
615 2031 710 2083 bellum
723 2031 837 2083 indicere
859 2049 910 2082 non
927 2031 1009 2082 audet
1022 2031 1078 2098 (5).
1118 2032 1230 2082 lomenee
1248 2031 1325 2101 Ange

231 2105 271 2156 lur
288 2101 447 2153 Berrboeom
471 2101 508 2152 ad
528 2101 736 2152 Contomoenum
752 2102 839 2164 uenit,
866 2100 1017 2152 Tbecralioo
1034 2101 1110 2153 rebor
1129 2102 1268 2168 praeclare
1292 2101 1325 2152 ad

229 2171 393 2224 ministratio.
429 2169 493 2222 Eiuc
514 2171 665 2238 prouinciae
689 2177 752 2223 onte
766 2170 866 2239 Angeli
887 2170 1028 2222 aduentum
1044 2176 1130 2222 datur
1144 2169 1325 2237 perturbatieei

229 2257 294 2293 mus.
333 2240 520 2291 catalonorum
544 2242 597 2291 illic
620 2240 809 2292 dominantium
833 2240 902 2291 uireo
925 2241 987 2291 lucu
1010 2240 1172 2291 debilitatae.
1213 2241 1325 2308 Angelu

229 2309 346 2363 maxima
367 2308 509 2360 Therealici
522 2311 685 2377 principatus
699 2316 778 2377 parte
789 2317 952 2377 recuperato,
969 2309 1087 2372 Aetoloe,
1105 2307 1199 2360 Docror
1216 2317 1244 2361 ct
1258 2312 1325 2361 Acar

229 2394 316 2431 nonae
333 2377 446 2446 eubcgit.
481 2381 585 2430 Annam
601 2380 722 2431 rebellem
739 2381 815 2447 cepit.
852 2379 1012 2443 Quibrredam
1029 2385 1059 2430 ut
1075 2379 1203 2430 occideret
1226 2380 1325 2430 mmdco

229 2449 315 2512 tibur,
341 2463 400 2498 eom
417 2447 482 2499 dare
501 2448 530 2499 in
546 2449 690 2501 curtadiam
706 2450 800 2502 maluit
822 2449 876 2519 (6).
914 2448 1110 2500 Cantocuaenuc
1129 2448 1325 2500 Tbereolonicor

230 2517 290 2570 dolo
307 2532 465 2586 aggrereur:
487 2519 561 2570 irrito
579 2526 682 2580 conatu,
699 2519 817 2571 discedit.
852 2519 1040 2585 Byzantiorum
1054 2525 1080 2570 et
1095 2517 1234 2570 Perrorum
1252 2520 1325 2571 clara

229 2603 370 2638 numeroea
388 2587 425 2638 od
443 2587 697 2640 Tlrerroloniceneem
711 2597 817 2656 portum
834 2589 953 2655 appulso.
990 2588 1049 2639 Dur
1065 2587 1154 2638 clareio
1172 2587 1325 2655 Apocoucur

233 2657 591 2710 Gontoeuzenumabeuntem
611 2658 784 2728 persequitur.
819 2658 930 2710 Fluviue
946 2658 1059 2709 traiectu
1076 2657 1198 2724 difficilia.
1236 2657 1325 2709 Tribal

230 2728 314 2780 bonum
332 2728 383 2779 duo
400 2727 484 2778 millia
502 2728 529 2778 in
544 2727 646 2779 insidiis
664 2729 797 2779 collocata.
842 2727 987 2793 Imperator
1012 2728 1040 2778 in
1062 2744 1176 2797 magnac
1200 2728 1325 2796 onguotio

230 2797 369 2850 adductae.
408 2797 443 2848 Ut
459 2797 574 2848 indicato
597 2797 705 2848 tandem
720 2796 833 2848 tronritu
850 2797 938 2848 calvus
956 2796 1077 2849 evaserit.
1111 2798 1244 2865 Apocouci
1268 2798 1325 2849 timi

230 2867 303 2919 ditor
318 2866 375 2933 (7).
409 2867 560 2932 Apocaucur
575 2865 676 2918 uiribur‘
690 2867 743 2917 noir
760 2865 853 2917 merito
870 2865 971 2931 diffirur
988 2867 1116 2917 auxilium
1132 2868 1199 2935 petit
1215 2883 1234 2917 o
1255 2867 1325 2918 Crat«

227 2935 316 2988 Munit
327 2934 408 3001 fluvii
419 2935 501 2997 arlia,
518 2951 551 2986 ne
565 2935 626 2986 illac
640 2935 723 3003 poerit
740 2935 841 3004 legatio
858 2935 895 2986 ad
913 2935 1050 2988 Ameriam
1066 2936 1144 2989 mitti.
1179 2937 1220 2989 Er
1241 2936 1325 2988 Contu

223 3020 318 3058 cuzeno
332 3003 493 3068 mimitatur,
511 3003 622 3072 quidde
638 3021 667 3056 ee
683 3004 738 3072 ipre
754 3011 866 3060 rtatuot.
904 3004 1100 3057 Conlocuaenue
1117 3022 1175 3058 eum
1191 3005 1278 3058 cerbir
1296 3023 1325 3057 ca

223 3074 319 3143 eligat.
355 3073 491 3125 Fabellam
514 3080 610 3126 namot
634 3073 666 3125 de
690 3075 736 3125 oui
753 3081 779 3126 et
796 3090 905 3141 aucupe.
941 3077 1064 3142 Sumptue
1081 3076 1213 3138 aestimat,
1231 3092 1325 3144 quorur

222 3142 407 3212 magnitudine
424 3142 544 3194 obrutum
561 3143 668 3195 tandem
685 3144 868 3196 adoermium
884 3145 1047 3196 ruecumbere
1067 3161 1170 3197 neceeee
1187 3146 1230 3197 rit.
1269 3145 1325 3197 Gra

222 3213 326 3267 tulatur
342 3212 392 3263 ribi
410 3213 563 3264 v'l'lreecolico
580 3214 680 3265 amilio
697 3212 725 3264 in
742 3221 912 3281 opportunum
929 3220 1029 3282 tempue
1040 3222 1187 3267 reseruata.
1214 3213 1325 3267 bonerto

223 3284 308 3337 ertone
322 3281 453 3349 praedicit
467 3284 612 3349 Apocouco,
630 3283 683 3334 ciue
699 3283 816 3347 obituro,
834 3283 889 3335 rioe
910 3284 1110 3336 Tbeeealonicae
1127 3300 1260 3339 moneare.
1285 3284 1325 3336 Mi

221 3360 303 3405 natur
318 3368 347 3404 re
365 3351 471 3404 Perrica
489 3353 590 3403 auritio
608 3351 663 3403 ciue
680 3354 795 3422 exempla
813 3353 964 3407 accitanam.
1004 3352 1080 3405 Molo
1098 3361 1248 3417 enumerat,
1277 3371 1325 3422 que

221 3440 281 3478 ram
299 3424 406 3474 cauedm
436 3422 503 3473 uieee
521 3422 561 3474 ait
578 3421 648 3473 illiue
665 3424 841 3475 ambitionem.
876 3423 999 3474 Animum
1011 3424 1104 3475 dunum
1118 3431 1144 3476 et
1158 3424 1285 3475 immitem
1299 3441 1325 3476 ce

220 3493 340 3564 prebrat.
377 3493 402 3544 A
421 3498 508 3543 monet
531 3492 637 3543 diviciae
655 3492 789 3555 iustitiae,
814 3508 882 3560 quae
901 3508 929 3544 ee
946 3493 1093 3558 manisertir
1115 3493 1218 3545 indiciie
1233 3494 1325 3560 prodm

223 3563 330 3634 Fugam
343 3562 458 3630 ¹denique
475 3561 547 3612 iubet
563 3568 706 3613 maturare.
741 3562 838 3630 Cymba
855 3561 883 3612 in
896 3578 969 3614 mare
985 3563 1051 3613 clam
1065 3562 1220 3630 deportata,
1237 3564 1325 3633 legate

223 3633 262 3686 ad
277 3633 413 3686 Amurium
430 3630 511 3683 mittit
522 3629 577 3699 (8).
615 3632 747 3698 Apocauei
762 3647 932 3699 rceponeum3
948 3632 1022 3683 cuiue
1039 3632 1108 3684 duae
1119 3640 1227 3701 parter:
1243 3634 1325 3700 prime

223 3704 258 3757 de
284 3701 416 3753 mendacii
439 3700 562 3761 criminee
594 3701 697 3764 altero,
731 3700 765 3753 de
795 3701 926 3752 orceeritie
952 3700 1079 3753 barbaric.
1121 3703 1188 3753 Eine
1211 3701 1264 3754 uiri
1286 3720 1325 3755 mo

221 3786 368 3843 perversae.
406 3771 441 3822 Ut
458 3777 560 3822 tentata
583 3786 632 3838 per
655 3770 794 3822 exercitum
811 3771 874 3822 urbe
890 3770 1039 3834 Berricen,
1065 3771 1121 3839 ipre
1139 3772 1325 3824 Thessalonica

223 3842 367 3895 maucerite
394 3856 524 3909 arragone
540 3839 610 3891 idem
628 3847 653 3891 et
671 3840 784 3891 timidus.
827 3841 1005 3908 Sagittarium
1021 3841 1177 3905 immittit,
1204 3843 1250 3910 qui
1270 3843 1325 3895 car

223 3919 379 3965 emmenum
396 3917 475 3961 noctu
490 3909 600 3962 accidat.
636 3910 801 3979 Sagittariur
816 3916 857 3961 ter
869 3912 977 3976 srurtro
994 3927 1049 3962 rem
1066 3924 1210 3980 aggreeeue
1234 3912 1325 3963 ocnior

220 3981 290 4051 petit
309 3996 340 4032 ao
358 3979 506 4033 dimittitur.
542 3982 694 4046 Apocaucue
707 3979 825 4047 pericula
842 3979 1022 4047 impendentia
1037 3980 1114 4032 celeri
1127 3983 1200 4048 suga
1215 3996 1325 4048 proeeer

223 4053 305 4113 titur,
322 4051 411 4101 ineciic
424 4049 701 4101 Tbereolonieencibne.
738 4046 834 4100 Persae
851 4047 924 4117 opud
941 4066 983 4102 eor
999 4050 1084 4102 relicti
1094 4050 1176 4116 foede
1194 4057 1221 4101 et
1235 4050 1325 4119 impun

223 4127 382 4191 graecantor
399 4119 455 4189 (9).
490 4119 587 4170 Claeeie
605 4115 720 4181 Persica,
742 4119 807 4170 duce
821 4118 938 4183 Ameria,
955 4120 1043 4172 multie
1059 4120 1170 4170 nauibus
1185 4121 1325 4186 'tempestat

224 4190 342 4254 amireir,
369 4190 406 4241 od
423 4188 557 4239 Euboeam
580 4188 708 4253 primum,
735 4187 830 4240 deinde
849 4204 931 4256 prope
956 4189 1167 4241 Tbeeralonieom
1190 4190 1325 4257 appelliten

226 4260 323 4313 Persae
339 4258 498 4326 praedatum
516 4257 544 4308 in
557 4256 731 4307 Triballorum
740 4259 811 4324 finer
828 4265 931 4310 exeunt.
969 4257 1173 4321 Cantamrzenue,
1191 4258 1325 4311 Berrlroea

224 4330 301 4396 urbir¹
312 4345 375 4380 eura
396 4329 530 4379 commieea
552 4325 670 4376 Manucli
678 4326 748 4392 filie,
766 4325 860 4400 indolis
878 4327 988 4380 eximiae
1006 4328 1178 4392 odoleecenti,
1196 4331 1325 4395 conserte

225 4399 263 4452 ad
281 4398 425 4451 Amurium.
464 4395 730 4478 Therealonicenrium
753 4413 794 4448 ree
817 4397 895 4449 ualde
920 4394 1060 4465 ongu'rtae.
1085 4390 1212 4450 'Divitem
1230 4405 1258 4450 et
1273 4415 1325 4466 pau

185 4593 187 4597 ,
223 4467 594 4592 tltdtltttlltt.
618 4465 1325 4605 willibalt*,li-''ttoll'fttdtt

226 4612 347 4676 curguat.
383 4602 488 4655 Plebem
504 4603 621 4670 infimam
637 4604 688 4656 cibi
700 4603 863 4675 ‘adiungunt
903 4605 948 4667 Vi,
965 4607 1067 4673 rapinis
1081 4613 1108 4659 et
1122 4604 1245 4659 coedibus
1262 4624 1325 4678 grui

226 4682 328 4731 eantur.
361 4673 478 4727 Diuitum
502 4673 649 4727 mirerrima
670 4676 792 4728 conditio.
827 4675 979 4729 Eonmdem
995 4692 1055 4743 iper
1069 4676 1176 4733 irritae.
1212 4677 1325 4732 Amoriu
