2700 5092
186 645 263 719 coe
493 649 732 720 mcueuom
750 618 993 719 eneconis

22 837 51 891 l.
62 837 97 888 lt
108 803 552 906 σβεοάναίμακτακατορθούν
563 800 754 902 μεμελίτηκα
768 811 913 903 τρόπαια.
940 810 958 880 δ
974 811 1010 880 δ’
1026 811 1135 902 ίφεξής
1147 812 1296 882 arerem

57 907 108 960 m
119 907 154 961 ¹⁰
187 923 358 1010 λεγομένων
374 919 443 1005 ἅμα
458 922 511 987 καί
527 919 691 1006 δρωμένων
705 926 812 1007 σοφῶς
835 913 1082 1005 διαζωγραφήσει
1101 917 1159 1003 τήν
1171 943 1297 1006 μαρτυ-

189 1026 291 1115 ρίαν.”
312 1023 398 1091 Ἀλλ’
419 1021 436 1090 δ
458 1025 515 1108 μίν
533 1023 792 1108 Καντακουζηνὸς
811 1028 951 1098 τοιοῦτος
969 1020 1045 1097 τίως
1063 1020 1138 1098 τούς
1159 1019 1299 1109 τρόπους

188 1127 350 1216 ίτύγχανεν
367 1125 428 1210 ὢν,
457 1129 509 1193 καί
528 1133 658 1193 τοιαῦτα
675 1127 769 1213 λίγων
785 1129 837 1192 καί
857 1122 1004 1213 πράττων
1024 1124 1156 1191 διετίλει.

93 1257 188 1351 ΡΜ
267 1262 314 1334 θ’.
337 1259 416 1351 Ἐγὼ
434 1262 467 1329 δ’
483 1265 576 1330 ίκεῒσε
591 1259 744 1345 ἔπιίνειμι,
770 1262 1044 1350 λεπτομερέστερον
1059 1259 1317 1351 ἀφηγησύμενος5

189 1369 315 1437 λ’καστα.
339 1365 529 1444 Ἀπύκαυκος
545 1367 603 1453 γὰρ
625 1369 735 1444 ἐκεῖνος
752 1363 768 1432 δ
788 1363 889 1432 πάντα
915 1366 1013 1443 δεινὸς
1031 1367 1074 1443 είς
1096 1368 1231 1432 ίπίνοιαν
1245 1369 1298 1433 καί

189 1468 488 1561 πολυτροπαίτατος,
516 1470 618 1555 ἐπειδὴ
634 1466 827 1556 συγκυκήσας
844 1469 984 1550 ἅπαντα,
1008 1469 1062 1534 ’ίνα
1083 1469 1138 1535 τὸν
1158 1469 1297 1556 ἀρχοντα

188 1572 486 1664 παρακρουσάμενος
509 1573 604 1650 αύτδς
620 1575 710 1661 ίπιβῇ
726 1580 782 1659 τῆς
795 1573 909 1659 ἀρχῆς,
936 1571 1026 1662 (ὅπερ
1045 1572 1084 1658 δή
1107 1576 1158 1638 καί
1182 1569 1297 1658 τοιχαί-

123 1724 125 1729 ,
189 1706 277 1768 ρυχοι
291 1676 411 1767 νύκτωρ
424 1680 475 1742 καί
489 1679 599 1764 λῃσταὶ
613 1684 763 1759 ποιοῦσιν,
793 1677 829 1744 οὗ
845 1674 1047 1765 πρότερονιτδ
1062 1678 1094 1742 ἓν
1109 1676 1189 1768 οίκίηι
1206 1679 1297 1764 διαρ-

188 1781 293 1864 πάζειν
309 1782 428 1867 ἔχοντες
447 1779 575 1865 εῧχερῶς
584 1829 595 1861 ,
624 1784 694 1869 πρὶν
711 1780 749 1846 ἂν
763 1780 799 1847 sd
823 1783 854 1846 ἓν
873 1770 952 1868 αύτῇ
968 1780 1182 1863 κατασβέσωοι
1198 1778 1295 1868 φῶς)
1306 1797 1341 1848 10

188 1875 325 1972 ήλίγχθη
334 1936 345 1967 ,
373 1881 573 1970 κατεγνώσθη
588 1885 664 1968 με’ν,
694 1884 783 1950 οὐδὲν
803 1887 823 1948 δ
827 1883 837 1909 ³
859 1883 945 1962 ἀξιον
960 1886 1003 1961 είς
1017 1883 1151 1968 ἀμοιβήν
1164 1891 1221 1969 τῆς
1237 1883 1297 1949 αύ-

162 1997 249 2055 Βτοῦ
274 1991 382 2065 κακίας
410 1984 569 2072 ἀπήλαυσε
594 1988 671 2074 πρὸς
693 1989 816 2053 ἐκείνου.
846 1985 930 2071 ὅμως
955 1983 1123 2074 αάτδςδφ’
1149 1984 1246 2052 αύτοῦ
1263 2013 1298 2054 τε

190 2094 370 2176 αἰσχυνθεὶς
394 2093 445 2156 καί
464 2091 583 2171 δείσας,
603 2090 648 2176 μή
668 2090 703 2157 τὸ
717 2088 926 2178 μακρύθυμον
941 2089 1005 2172 ὂψί
1017 2116 1091 2156 ποτε
1117 2090 1299 2180 ἀπορρίψας

187 2201 234 2284 τῷ
253 2193 338 2283 νόμῳ
361 2200 417 2278 τῆς
433 2195 520 2277 δίκης
540 2191 695 2281 χρήσηται
710 2194 784 2259 κατ’
807 2194 921 2273 αὐτοῦ,
949 2193 1044 2283 ᾤχετο
1060 2191 1167 2281 λάθρα
1183 2193 1295 2282 φυγὰς,

190 2295 234 2374 ὡς
247 2294 428 2384 είρήκειμεν,
457 2299 500 2372 είς
516 2297 551 2363 τδ
567 2295 716 2384 φρούριον
732 2304 794 2363 τῶν
804 2298 978 2379 Ἐπιβατῶν
1000 2294 1118 2363 ούταισί
1128 2324 1193 2374 πως
1209 2296 1297 2383 λεγό-
1307 2315 1343 2371 15

188 2420 298 2485 μενον·
325 2398 398 2486 ὅπερ
414 2399 509 2476 αιἰτδς
522 2401 555 2464 lu
574 2407 690 2466 πολλοῦ
711 2406 838 2477 πολλοῖς
860 2398 1015 2489 ἀνήγειρεν
1037 2397 1237 2483 ἀναλώμασιν
1264 2402 1297 2467 ἐν

187 2514 256 2581 τοῖς
267 2506 429 2591 παραλίοις
447 2508 509 2587 τῶν
522 2494 713 2590 προαστείων
726 2511 781 2571 τοῦ
796 2506 979 2586 Βυζαντίου,
1005 2503 1116 2591 μικρὸν
1130 2506 1196 2588 μὲν,
1225 2530 1297 2570 ποι-

162 2610 278 2673 (λκίλον
310 2609 368 2689 δὲ,
402 2610 454 2672 καί
486 2609 653 2691 δαιμονίως
676 2606 788 2695 ὀχυρόν
812 2634 845 2674 τε
878 2610 930 2673 καὶ
966 2602 1136 2690 δύσμαχον.
1169 2610 1211 2684 είς
1235 2607 1296 2695 γάρ

186 2709 272 2795 ύψος
292 2707 388 2796 τύχης
414 2712 446 2788 ίξ
470 2709 592 2796 ἀσήμου
616 2714 722 2797 γίνους
742 2712 852 2798 ἀρθείς
884 2703 1031 2798 φρόνημα
1058 2709 1160 2795 ἴσχεν,
1190 2707 1297 2777 ὁποῖον

188 2812 228 2880 ἀν
249 2816 300 2880 καί
321 2814 351 2879 οἱ
369 2809 549 2897 μεθύοντες.
579 2811 800 2903 ιδνειροπύλησε
818 2814 876 2902 γὰρ
898 2810 1116 2890 ἀποθανόντος
1131 2820 1187 2880 τοῦ
1201 2820 1343 2898 βασι-κο

89 2917 271 2993 veoltlne
295 2917 482 3002 ἐπιχειρήσαι
511 2915 592 2982 κατδ
615 2925 673 3002 τῆς
701 2920 861 3001 βασιλείας
885 2908 1006 2993 αὖτίς*
1031 2920 1057 2984 εί
1078 2919 1113 2983 δὲ
1133 2917 1178 3002 μή
1199 2921 1296 3003 δυνη-

185 3022 277 3105 θείη,
306 3029 491 3106 καταᾳυγεΐν
515 3027 591 3105 γοῦν
613 3022 656 3096 είς
678 3020 713 3086 ud
736 3017 887 3109 φρούριον
908 3027 1020 3101 τοῦτο,
1045 3023 1095 3086 καί
1111 3017 1187 3086 εἶναι
1202 3022 1296 3086 πολί-

184 3148 257 3207 μιος
277 3128 324 3212 τῷ
345 3118 543 3210 κρατήσαντι.
598 3121 668 3214 (Β.)
695 3121 852 3209 Συνήγαγε
874 3121 907 3189 δ’
935 3124 967 3189 ἓν
987 3116 1112 3199 τούτοις
1130 3124 1174 3208 μή
1198 3121 1296 3208 μόνον

182 3222 354 3314 χρημάτων
376 3228 584 3318 παντοδαπῷν
603 3228 656 3293 καὶ
672 3215 836 3294 παντοίων
859 3227 1000 3314 σωρούς,
1035 3226 1115 3293 ἀλλὰ
1137 3229 1188 3292 καὶ
1205 3230 1295 3294 σίτου

182 3413 267 3492 αγρεε,
294 3405 703 3502 Sedaeroceseosipsetemporie
718 3406 830 3478 sepienti
842 3407 987 3492 testimonio
1003 3425 1059 3461 oum
1073 3406 1144 3461 dictu
1156 3374 1296 3463 tom'iecte

184 3477 347 3531 duodrosbrt
405 3479 443 3530 Ac
464 3477 524 3530 tslrs
538 3478 641 3548 quidem
657 3479 787 3547 hocusque
800 3479 914 3532 monbus
927 3479 1014 3531 lueret
1026 3479 1238 3532 Centemzeuuss
1252 3488 1295 3532 te-

183 3545 222 3600 lis
236 3555 265 3600 et
277 3547 366 3600 dicere
377 3551 405 3599 et
418 3549 506 3600 {scere
519 3564 569 3600 non
582 3547 727 3601 desinebat.

253 3633 280 3688 9.
297 3633 357 3701 Ego
369 3649 432 3686 vero
444 3632 505 3685 illuc
516 3633 604 3693 redeo.
619 3633 722 3704 sinfflrle
736 3651 767 3688 ec
780 3631 917 3687 minutiora
930 3627 1103 3703 expositurus.
1138 3636 1296 3704 Apooeucus

183 3700 266 3772 igitur
283 3701 327 3754 ille
339 3701 367 3754 in
383 3699 552 3771 excogitando
567 3702 747 3756 solertissimus
758 3721 788 3757 oc
800 3703 1003 3768 versutissimus,
1020 3702 1079 3755 dum
1092 3704 1177 3756 omnie
1191 3711 1296 3773 pertur-

184 3769 240 3834 bet,
257 3777 288 3823 ut
300 3778 424 3840 summoto
437 3788 521 3824 rerum
536 3772 687 3825 administro
703 3773 759 3843 ipse
771 3790 855 3825 rerum
871 3774 985 3843 potietur
1002 3773 1085 3843 (quod
1100 3780 1128 3825 et
1140 3773 1294 3826 effractores

184 3847 263 3893 noctu
278 3839 394 3906 iaciunt,
412 3848 440 3892 et
451 3840 578 3906 latrones,
597 3842 692 3911 quibus
708 3860 758 3895 non
775 3842 852 3895 iecile
871 3850 911 3895 est
929 3859 961 3894 ee
980 3858 1074 3912 rupere
1092 3859 1160 3911 quee
1178 3842 1205 3894 in
1217 3840 1294 3896 domo

184 3914 260 3973 sunt,
279 3908 330 3961 nisi
341 3910 468 3962 exstincto
483 3909 555 3992 prius
566 3911 675 3975 lumine,
692 3912 796 3981 siquod
814 3911 850 3964 ibi
864 3911 927 3980 sit),
946 3911 1120 3980 deprehensus
1135 3910 1236 3982 quidem
1253 3918 1295 3964 est

184 3986 213 4032 et
227 3978 426 4042 condemnatum
442 3979 507 4041 nihil
524 3987 608 4034 autem
627 3982 660 4033 sb
678 3980 721 4034 illo
741 3981 853 4035 uicissim
868 3999 959 4052 pessus
975 3989 1016 4034 est
1034 3999 1080 4050 pro
1099 3980 1212 4032 mulitiee
1229 3997 1295 4034 sose

181 4049 331 4102 etrocitnte.
367 4046 432 4100 cun
444 4057 528 4102 temen
544 4050 635 4103 suimet
649 4051 731 4119 ipsum
745 4051 863 4120 puderet,
880 4069 910 4103 ec
925 4055 1110 4111 καταδείσασα
1122 4050 1175 4111 ille,
1190 4050 1294 4102 abiecte

181 4116 284 4170 tandem
299 4115 432 4185 potientis,
446 4118 561 4188 legitime
575 4120 796 4184 enimsdversione
807 4121 834 4173 in
847 4121 930 4189 ipsum
943 4129 1068 4183 uteretur,
1078 4119 1216 4188 aufugeret
1227 4119 1293 4172 clem

180 4189 225 4254 (ut
236 4184 359 4251 diximus)
377 4185 404 4239 in
421 4205 520 4251 arcem,
538 4207 614 4259 quem
627 4189 759 4259 Epibetdu
774 4199 884 4254 vocent,
903 4190 1011 4242 mommo
1024 4198 1126 4257 sumptu
1141 4187 1293 4258 iampridem

179 4270 198 4309 ι
209 4272 238 4308 se
252 4261 407 4308 exstructam
419 4258 467 4309 sub
476 4256 557 4322 Urbe,
572 4258 599 4311 iu
613 4260 740 4313 maritime
754 4276 813 4312 ore:
830 4265 963 4328 angustam
976 4258 1077 4328 quidem
1090 4257 1169 4321 illem,
1188 4263 1216 4309 et
1227 4258 1294 4310 mul·

179 4323 309 4393 tiplioem‚
328 4331 355 4376 et
370 4324 475 4380 mirifice
491 4327 625 4393 munitam,
644 4346 692 4381 nec
709 4339 858 4398 expugnatu
874 4328 983 4381 facilem.
1017 4326 1124 4379 Scilicet
1137 4344 1168 4377 ex
1181 4325 1293 4395 ignobili

200 4411 277 4446 enere
297 4393 331 4446 sd
348 4411 469 4448 summum
484 4396 604 4450 iortunse
616 4398 725 4466 gradum
741 4409 847 4451 evectus
864 4397 930 4450 ebrii
953 4398 1062 4450 hominis
1080 4395 1198 4467 spiritum
1211 4413 1292 4464 gere-

158 4536 161 4540 ·
180 4409 236 4516 δεῖ,
270 4463 374 4517 lllortuo
392 4465 518 4534 siquidem
530 4467 685 4538 imperotore
699 4467 874 4520 somnisverut
886 4483 916 4518 se
930 4467 1119 4536 imperatorium
1138 4470 1292 4586 Yotestetem

180 4528 343 4596 invasurum
360 4530 571 4606 decreveratque,
585 4537 607 4588 ei
621 4536 719 4589 viribus
732 4537 903 4601 deficeretur,
921 4537 1061 4605 confugere
1076 4534 1109 4587 sd
1123 4533 1141 4585 il
1152 4551 1192 4587 sm
1207 4549 1293 4587 eroem

181 4615 214 4653 ec
227 4600 392 4674 bellumlocum
404 4603 448 4657 illo
463 4623 555 4673 gerere
573 4604 618 4674 qui
635 4604 808 4677 imperaturus
823 4606 901 4659 foret.
936 4605 1000 4675 (ll.)
1018 4605 1109 4673 ltaque
1122 4603 1181 4656 illuc
1196 4607 1293 4672 coege-

179 4673 223 4722 rst
236 4669 325 4726 veriee
343 4688 375 4727 eo
389 4673 537 4746 multiplicis
551 4673 675 4747 pecuniae
693 4692 815 4732 eoervoss
831 4675 907 4730 immo
922 4684 951 4729 et
962 4674 1083 4728 umenti
1099 4678 1128 4727 et
1137 4672 1194 4726 viui
1208 4671 1293 4745 pluri·
