2798 4754
474 326 828 399 ANNOTATIONES.
941 324 949 338 ‘
1115 324 1212 399 119³

72 504 142 543 rum
162 495 308 546 eteorum
329 486 500 546 oeconomia
521 500 549 546 et
576 483 778 549 ecclesiastica
798 482 931 545 absentia
950 487 995 546 sic
1014 489 1150 569 scripsit:
1163 487 1214 550 Si

72 590 174 628 aerum
202 583 259 643 est,
293 570 406 650 inquit,
436 567 518 652 quod
547 568 610 631 elici
637 569 727 648 solet,
754 572 809 653 qui
830 592 946 650 gregem
968 585 1087 651 pastore
1104 575 1212 654 privat,

73 653 191 733 utrique
215 651 378 733 periculum
405 676 518 729 creare,
550 653 686 736 profecto
711 677 803 736 graue
822 651 997 734 supplicium
1019 672 1115 717 manet
1136 679 1210 734 eum,

74 738 129 818 qui
146 751 291 815 pastorem
314 752 394 797 arcet
415 736 454 796 ab
475 737 563 814 ovili,
590 738 727 822 debetque
753 740 805 819 qui
830 752 935 820 pastor
959 754 1021 815 est,
1056 765 1145 823 usque
1171 739 1214 799 ad

72 822 246 898 sanguinem
265 843 321 902 pro
340 845 428 902 grege
448 845 505 882 non
528 820 752 906 derelinquendo
774 821 888 883 labores
905 822 1047 905 perferre,
1069 828 1126 885 nisi
1146 847 1213 885 cum

74 925 150 984 opus
162 902 261 988 suerit
283 908 314 965 in
336 904 458 988 b'ynoelo
478 905 602 989 singulis
624 910 710 968 annis
730 906 774 966 ad
792 903 936 989 agendum
957 905 993 965 de
1013 906 1096 967 rebus
1119 931 1214 970 neces-

72 989 165 1047 soriis
190 988 340 1070 paulisper
367 989 479 1060 abesse,
513 991 619 1074 quibua
646 990 792 1053 conclusis
819 988 948 1053 celeriter
967 989 1015 1052 illi
1037 990 1213 1054 redeundum

72 1072 132 1146 sit,
154 1073 181 1130 si
202 1072 293 1133 cretlit
320 1097 350 1133 se
376 1073 557 1135 redditurum
577 1078 718 1135 rationem
743 1098 856 1136 summo
882 1077 998 1156 pastori
1021 1073 1153 1152 Christo,
1186 1091 1213 1136 et

73 1157 103 1214 si
129 1152 234 1235 dignus
258 1173 300 1217 est
320 1160 437 1218 nomine
454 1161 598 1240 pastotis,
627 1162 684 1220 nisi
700 1159 789 1246 forte
809 1162 896 1220 etiam
916 1174 1035 1241 propter
1056 1164 1215 1222 necessita-

73 1253 134 1298 tem
157 1236 198 1298 ad
218 1240 371 1301 utilitatem
394 1245 559 1303 animarum
583 1247 770 1326 pertinentem
789 1242 827 1304 ab
850 1246 1023 1325 imperatore
1043 1260 1095 1305 aut
1111 1267 1130 1304 a
1151 1267 1215 1326 pa-

74 1322 209 1383 triarcba
230 1328 330 1386 statim
355 1325 500 1387 rediturus
520 1345 647 1389 vocetur.
679 1325 862 1389 Huiusmodi
881 1350 988 1395 causas
1011 1331 1215 1391 oeconomicus

75 1422 103 1467 et
132 1407 346 1471 ecclesiasticas
368 1409 460 1472 breuis
487 1410 636 1472 absentiae
661 1428 815 1492 pastorum
842 1410 882 1473 ab
903 1411 1032 1475 ecclesiis
1052 1416 1113 1474 suis
1133 1411 1216 1473 didi-

75 1506 158 1551 cerct
180 1497 225 1552 uir
247 1509 368 1555 sanctus
387 1498 419 1555 in
440 1495 601 1577 Scripturis
627 1513 654 1556 et
673 1511 842 1558 sanctorum
864 1495 987 1557 Patrum
1012 1496 1215 1558 sanctionibus

75 1573 207 1636 eruditus
234 1578 433 1651 Athanasius,
471 1582 523 1663 qui
550 1578 770 1642 commendatas
795 1579 934 1643 ecclesias
957 1603 1011 1642 suo
1029 1583 1118 1642 etiam
1140 1596 1216 1642 tem·

72 1682 148 1741 pore
170 1665 266 1722 novit:
291 1660 327 1722 tle
347 1663 453 1746 quibua
473 1664 515 1725 ael
533 1668 698 1746 episcopum
719 1665 873 1746 Apameae
893 1663 1039 1742 scribens,
1060 1664 1115 1726 Ad
1131 1662 1214 1748 quid,

74 1746 191 1826 inquit,
221 1770 331 1807 necesse
352 1764 393 1808 est
414 1746 456 1807 ad
480 1773 562 1821 suam
588 1773 729 1832 quemque
756 1749 912 1811 dioecesem
935 1751 976 1809 ire
995 1753 1147 1832 propriam
1169 1745 1217 1810 vel

75 1829 331 1908 commendatam,
351 1835 409 1893 nisi
423 1848 454 1892 ut
477 1831 562 1914 lupos
583 1822 650 1892 iside
670 1832 822 1896 arceatis?
849 1831 938 1914 (laod
955 1835 983 1893 si
993 1833 1141 1919 fortassis
1157 1832 1215 1895 liuo

75 1936 130 1973 aas
154 1912 263 1994 (idest
287 1913 583 2000 Constantinopolim)
606 1919 711 1978 incitat
731 1932 759 1976 et
781 1917 870 1978 traltit
894 1933 954 1977 tum
976 1917 1105 1979 studium
1127 1934 1215 2002 atque

77 1994 252 2059 desiderium
273 1999 444 2060 consulendi
460 2000 617 2061 multorum
637 2000 742 2077 saluti,
765 1999 854 2085 idque
866 2000 949 2062 vobis
959 2005 1142 2084 propositum
1158 2012 1212 2076 ese,

76 2097 139 2140 tum
161 2085 284 2143 scientia
308 2100 368 2144 tam
391 2083 503 2160 multa,
533 2100 565 2144 ut
586 2107 626 2144 eae
646 2085 704 2145 laco
725 2084 794 2166 urbe
812 2087 932 2167 possitis
953 2087 1041 2146 etiam
1086 2110 1139 2147 uae
1157 2107 1216 2145 ex·

77 2181 126 2225 tra
142 2169 219 2248 fines
247 2184 406 2228 vestrarum
435 2167 600 2229 dioeceseon
620 2171 719 2251 posita
739 2184 806 2228 sunt
826 2168 1006 2250 gubernaret
1031 2111 1083 2228 ati
1099 2172 1217 2244 exstin-

73 2248 224 2332 guendam
246 2255 324 2313 sitim
347 2256 433 2313 istam
456 2256 596 2335 istiusque
614 2251 707 2313 studii
727 2255 814 2312 vestri
838 2250 990 2326 ardorem,
1010 2255 1109 2312 veniat
1132 2251 1216 2312 vobis

76 2340 109 2396 in
127 2351 246 2395 mentem
264 2335 354 2409 iilius,
380 2340 429 2398 cui
443 2335 576 2420 plurima
597 2351 767 2398 sanctarum
789 2334 952 2397 litterarum
973 2339 1096 2397 scientia
1120 2335 1216 2396 Tiso-

76 2419 142 2501 logi
170 2438 389 2501 cognomentum
414 2419 509 2494 dedit,
540 2418 679 2503 illiusque
704 2442 815 2502 paruae
836 2419 1018 2482 Sasimorum
1043 2418 1214 2495 dioeceseos,

75 2508 123 2566 ita
145 2520 176 2564 ut
197 2505 243 2565 ael
260 2522 380 2587 propter
399 2503 604 2567 excellentiam
626 2503 709 2566 illius
729 2502 968 2566 excellentissimi
988 2506 1060 2581 uiri,
1080 2503 1128 2566 uel
1144 2526 1215 2586 pro-

72 2605 142 2673 pter
161 2589 367 2671 aequalitatem
398 2590 535 2663 bonoria,
559 2611 618 2672 quo
640 2589 769 2650 contenti
788 2612 848 2649 esse
871 2586 995 2665 debetis,
1025 2590 1147 2672 quisque
1168 2609 1216 2648 ae·

73 2690 170 2735 strum
191 2676 271 2733 intra
292 2696 360 2734 suos
379 2698 410 2735 se
419 2676 500 2756 fines
522 2676 678 2734 contineat.
716 2671 912 2753 Quamobrem
931 2675 1088 2749 existima,
1102 2671 1216 2759 frater,

75 2757 179 2819 deberi
199 2780 219 2817 a
240 2774 268 2818 te
290 2758 347 2819 boc
368 2783 457 2841 usque
481 2755 523 2817 ad
549 2759 736 2840 sanguinem,
771 2771 805 2817 ut
831 2781 897 2819 cum
925 2757 1027 2818 ouibus
1052 2761 1110 2818 tuis
1127 2759 1169 2818 sis
1187 2769 1216 2815 st

72 2848 175 2909 vivas.
217 2841 255 2902 Ee
277 2865 353 2925 quae
373 2857 530 2925 sequuntur
551 2841 659 2904 diuinet
675 2842 775 2902 omnio
801 2844 931 2920 scripta,
955 2857 982 2902 et
1003 2839 1045 2900 ad
1066 2840 1108 2913 id,
1130 2836 1212 2923 quod

73 2926 166 2989 nobis
185 2951 203 2986 a
224 2930 298 3002 itur,
320 2942 347 2988 et
367 2924 409 2987 ad
430 2924 473 3001 id,
496 2925 576 3008 quod
589 2923 705 2986 Romae
716 2927 790 3007 fieri
808 2923 947 3002 uidemus,
970 2924 1144 2987 mirabiliter
1164 2946 1216 2985 ac-

74 2950 300 3076 commodataf‘
328 3011 411 3074 Idem
422 3013 585 3072 Turi-ianas
602 3012 633 3069 in
647 3011 752 3070 eodem
763 3010 859 3071 librat
881 3011 1016 3089 „Tamen
1038 3006 1216 3091 respondebo

74 3094 162 3183 quod
181 3094 367 3157 Athanasius
385 3094 559 3177 patriarcba
574 3091 930 3175 Constantinopolitanae,
955 3117 1039 3178 quem
1055 3114 1146 3176 supra
1163 3094 1216 3151 ite·

74 3205 145 3243 sum
165 3182 299 3253 memini,
328 3181 471 3262 episcopis
492 3176 535 3238 ad
555 3201 625 3238 suas
645 3176 787 3239 dioeceses
810 3175 1062 3260 proficiscentibus
1080 3176 1217 3259 scripsit:

75 3266 116 3328 Si
135 3263 211 3324 mali
234 3279 368 3345 pastores
388 3278 495 3338 essent,
519 3277 551 3322 ut
573 3264 767 3322 meminissent
789 3286 847 3324 non
866 3265 927 3322 iam
949 3259 1035 3322 licere
1053 3259 1112 3321 sibi
1131 3281 1218 3342 prae·

73 3347 209 3412 sentibus
231 3372 346 3408 munere
365 3345 514 3429 pastorali
531 3345 643 3432 fungi;
675 3343 709 3405 id
734 3349 810 3407 enim
831 3369 960 3406 summae
983 3367 1044 3405 esse
1062 3345 1217 3405 immeren-

74 3437 154 3509 tiae,
179 3449 205 3492 et
225 3430 363 3493 scandali
381 3430 519 3512 plenum,
539 3445 741 3513 praestareque
760 3428 892 3490 absentes
912 3452 986 3506 esse;
1008 3443 1040 3488 at
1063 3443 1132 3490 tunc
1153 3448 1217 3489 reos

75 3516 199 3603 quidem
220 3540 279 3576 esse
305 3518 468 3577 vacationis
494 3538 563 3576 suae
583 3529 609 3574 st
631 3513 787 3574 absentiae.
830 3511 936 3596 Itaque
956 3535 1014 3573 non
1035 3510 1103 3573 licet
1124 3533 1217 3592 proe-

73 3618 173 3664 sentes
193 3625 252 3662 esse
271 3601 298 3661 si
316 3598 391 3660 mali
411 3602 487 3677 sint,
512 3615 539 3659 et
560 3596 692 3658 absentes
714 3621 772 3658 non
794 3613 876 3656 erunt
897 3599 1047 3678 impune.“
1088 3597 1164 3657 vida
1186 3606 1217 3658 et

75 3687 222 3768 epistolas
245 3696 323 3760 octo,
344 3696 406 3744 tres
427 3684 466 3744 ad
485 3687 705 3764 imperatorem,
727 3683 858 3762 quinquo
879 3682 919 3742 ad
939 3683 1114 3762 episcopos,
1138 3682 1218 3741 sias·

76 3773 151 3835 dem
182 3770 334 3831 Athanasii
362 3769 398 3829 ab
428 3769 533 3828 eodem
558 3769 705 3828 Tauriana
730 3767 833 3826 Latino
852 3786 970 3841 versas,
1000 3776 1030 3826 et
1048 3765 1217 3826 Florentiae

77 3858 177 3919 editas
200 3867 267 3937 post
288 3856 397 3915 librata
419 3854 457 3913 da
478 3852 649 3912 Residentia
670 3853 834 3911 Pastorum.
863 3851 982 3912 Videat
997 3872 1058 3928 eas,
1073 3869 1217 3931 qaacax-

76 3952 162 4004 stsat
179 3943 209 4001 in
226 3940 335 4000 Codice
350 3938 456 4018 Regio,
479 3938 550 3997 olim
564 3937 742 3997 Telleriano.
776 3955 890 3999 aotvtn.

165 4047 242 4127 ch.
266 4047 344 4115 182,
363 4042 392 4108 5.
434 4039 613 4099 Athanasius
627 4039 693 4119 ipss
709 4038 740 4099 iu
754 4042 859 4124 Νεαρᾷ
872 4034 901 4118 *)
924 4057 977 4098 acu
992 4026 1111 4115 ζητήσει
1126 4049 1217 4111 supra

76 4129 231 4206 iudicata,
250 4122 327 4211 nuic
349 4121 532 4226 sciscitasti
555 4122 681 4206 μοναχοὶ
697 4118 720 4205 ἢ
735 4118 929 4206 moinum,
949 4117 992 4204 μὴ
1007 4114 1125 4201 διάγειν
1144 4109 1217 4182 oisi-

115 4295 146 4365 ·)
165 4293 232 4347 Vide
249 4293 316 4347 cad.
333 4293 399 4362 neg.
415 4290 506 4349 2529.
524 4289 570 4344 iol.
586 4291 646 4348 m.
664 4290 699 4350 V.
731 4303 833 4345 sunm.

153 4380 312 4450 Niceplsom
326 4378 437 4450 Gregor.
459 4377 516 4431 rot
530 4376 565 4433 ll.
969 4358 1012 4422 76
1038 4419 1042 4422 ,
