2610 5092
278 625 356 702 966
575 627 813 699 NIOEPHORI
827 624 1075 697 GREGORAE

114 818 143 868 Δ.
156 816 190 868 ll.
203 795 421 885 6859όγνοίας,
449 788 593 882 καθάπερ
607 794 658 873 καλ
673 793 826 878 στρουθοὶ
839 792 890 858 καλ
905 787 1014 876 λχθόες
1032 791 1138 884 ῥᾷστα
1157 800 1248 871 acics

156 884 237 941 ΜΗ
279 907 397 990 ρευτῶν
417 896 595 967 ἆλίσκονται
619 899 759 984 παγίσιν,
788 893 919 984 δρῶντες
935 896 993 979 μέν
1017 895 1075 963 τόν
1099 893 1209 978 δόλον,
1231 922 1249 963 ο

279 1012 394 1093 ρῶντες
415 1005 450 1069 δέ
471 1002 528 1088 τὴν
550 1001 637 1068 ένδον
651 999 809 1085 μηχανὴν,
835 1001 886 1066 καλ
911 1007 956 1089 τῷ
975 999 1034 1083 μέν
1053 997 1137 1089 δόλῳ
1158 1025 1249 1088 προοφ

278 1115 318 1196 τῇ
332 1104 512 1195 ὑποκειμένῃ
528 1107 562 1171 δέ
578 1105 753 1188 συνέχονται
767 1109 900 1190 μηχανῇ.
935 1102 988 1169 διὰ
1008 1101 1049 1188 δὴ
1070 1111 1173 1169 ταῦτα
1193 1106 1241 1168 καὶ

278 1208 476 1297 ὀφλισκάνων
502 1212 623 1299 μιιδιᾷν
643 1210 700 1292 μὲν
721 1215 766 1296 τῷ
789 1203 946 1295 προσώπῳ
968 1209 1125 1273 δοκεῖκαὶ
1147 1205 1249 1287 αὐτὸς,

278 1315 312 1381 δ’
332 1316 364 1378 έν
382 1316 495 1405 καρδίη
508 1315 559 1379 καλ
576 1313 692 1388 παντὸς
707 1308 822 1396 ἡγεῖται
837 1308 981 1377 θανάτου
989 1312 1114 1393 μεῖζον·
1142 1312 1193 1375 καὶ
1211 1310 1249 1394 τὴ

132 1412 134 1416 ’
249 1419 311 1495 at}
324 1417 473 1502 ἀληθείας
494 1411 706 1504 καρπούμενος
729 1416 900 1502 διαπρίεται
918 1410 978 1479 ὑπ’
1003 1413 1116 1499 dupin·
1139 1414 1191 1477 καλ
1208 1413 1249 1496 rip

275 1517 464 1605 βουλόμενος
476 1521 550 1603 μέν,
578 1519 615 1585 οὗ
630 1516 799 1602 δυνάμενος
814 1520 849 1584 δέ
857 1567 867 1596 ,
893 1513 1038 1603 καθάπερ
1054 1519 1099 1592 είς
1115 1515 1234 1582 ἀσπίδα

272 1649 331 1709 χσς
351 1621 534 1711 καταφεύγει
556 1623 611 1688 τὸν
628 1623 776 1706 βασιλέα,
805 1618 893 1706 μάλα
913 1627 1067 1707 θρασεῖαν
1081 1622 1136 1685 καὶ
1152 1617 1249 1700 διαβό

275 1725 462 1814 ἐπαγόμενος
486 1732 645 1813 γλῶτταν·
680 1728 731 1790 καὶ
753 1722 972 1803 otrentum,
1004 1723 1101 1789 οἱονεί
1126 1748 1187 1788 τινι
1215 1749 1250 1789 πο

275 1838 315 1920 τῇ
328 1837 473 1918 βασιλικῇ
486 1825 724 1915 καταχρώμενος
738 1828 904 1920 αόθεντίη,
928 1837 994 1902 τοῖς
1012 1833 1139 1892 νικῶσιν
1154 1825 1250 1891 duran.

161 1942 193 1996 Ρ.
207 1940 260 1999 607
275 1937 336 2035 τὴη
348 1927 446 2020 ἧτταν
461 1936 558 2000 δοκεῖ·
586 1930 729 2020 καθάπερ
745 1933 786 1999 τὰ
800 1932 921 2019 βρέφη,
950 1928 1027 2016 ἅπερ
1044 1926 1138 2014 ὁπότε
1159 1941 1229 2006 ταῖς

274 2039 352 2106 νέων
371 2039 477 2123 χερσὶν
496 2032 664 2121 ἀνεχόμενα
692 2047 758 2114 τοῖς
780 2033 978 2121 οἱοισδήτισιν
1002 2032 1129 2099 ἀστείου
1152 2030 1245 2120 χόριν

276 2165 326 2207 σιν
349 2140 585 2227 έπιρριπτεΐτοιι,
606 2140 708 2226 χαίρει
727 2166 761 2207 τε
783 2142 834 2205 καλ
855 2137 921 2233 οἷον
942 2134 1147 2223 έπαγόλλεται
1162 2143 1203 2223 τῇ
1218 2138 1250 2201 νί

273 2243 333 2320 τός
351 2254 459 2330 χεῖρας
479 2244 639 2330 έπικροτεΐ.
674 2244 729 2311 τόν
750 2243 810 2332 γὰρ
831 2242 926 2308 αὐτόν
950 2243 1002 2307 καλ
1030 2230 1124 2317 οὗτος
1145 2237 1250 2327 τρόπα

275 2344 319 2424 ὠς
338 2346 392 2435 ἐφ’
408 2344 669 2432 ὁμολογουμέναις
687 2358 756 2425 ταῖς
768 2350 865 2424 νίκαις
880 2350 1008 2437 σκιρτᾷ,
1033 2346 1085 2409 καὶ
1106 2342 1164 2410 orie
1180 2346 1250 2409 aldes

273 2448 374 2536 πιιόδη
390 2448 636 2536 μνηστευόμενος
650 2449 750 2541 ἑαυτῷ
767 2447 950 2534 καυχήματα
958 2497 968 2529 ,
999 2449 1051 2512 καὶ
1066 2443 1120 2513 οἶα
1136 2446 1198 2512 κᾶν
1217 2474 1250 2513 πο

270 2562 355 2640 χμῆς
374 2556 407 2621 dx
429 2562 485 2640 τῆς
507 2552 720 2641 όρχήστραςῆ
743 2554 857 2635 ὀβολοῦ
879 2554 1034 2639 πρίασθαι
1054 2553 1250 2635 αίσχυνθείη.

243 2672 267 2727 Β
273 2683 351 2741 μασι
367 2658 427 2745 γὰρ
442 2658 551 2743 σχεδόν
570 2656 765 2724 παντάπασιν
786 2657 972 2741 ἀνομιλητον
991 2651 1141 2740 εδρίσκοιν
1164 2654 1251 2721 caindo

159 2777 195 2831 V.
205 2773 258 2834 491
276 2789 308 2829 τε
327 2765 435 2846 τίθησι
450 2759 645 2842 συσκευόζων
659 2761 809 2845 διαβολὰς
821 2764 871 2826 καλ
885 2760 986 2850 ῥᾷστα
1003 2761 1194 2840 δεδίττεται,
1226 2764 1251 2840 β.

272 2862 537 2952 προφασιζόμενος
552 2867 710 2947 κίνδυνον,
737 2868 763 2931 εἰ
776 2860 1010 2950 ἐπικρατέστερά
1028 2886 1095 2938 πως
1112 2861 1153 2926 τό
1168 2868 1234 2928 τῶν

271 2994 335 3034 τιον
350 2968 455 3053 λογικὰ
464 2966 672 3054 προβλήματα
684 2969 818 3055 γένοιτο·
836 2970 888 3033 καλ
904 2965 986 3033 οὕτω
996 2964 1183 3056 κατεπᾴδων
1200 2967 1251 3030 καὶ

272 3069 356 3157 όγων
380 3071 420 3136 τὰ
445 3063 511 3137 ώτα
532 3074 677 3155 διηνεκῶς
690 3098 694 3109 ··
711 3061 813 3164 ῥᾷστα
834 3069 912 3156 πρός
939 3069 975 3136 τό
1005 3067 1200 3153 βουλόμενον
1226 3067 1251 3152 ip

271 3171 490 3260 εφιλκόμενον·
518 3173 647 3240 κόπειτα
672 3177 751 3258 μετὰ
773 3172 889 3262 γαόρου
918 3176 968 3239 καὶ
990 3170 1147 3258 μετεώρου
1176 3180 1251 3258 περι]

246 3277 381 3364 (tritono
401 3280 453 3344 secl
473 3283 530 3343 τοῦ
552 3276 752 3366 φρονήματος
779 3278 854 3365 ὅλην
871 3279 919 3343 dni
942 3284 999 3363 τῆς
1016 3274 1135 3364 ὀφρόος
1157 3275 1251 3342 οἴεται

271 3423 316 3495 qui
332 3422 508 3478 insidiantium
524 3424 623 3495 laqueis
640 3426 717 3480 facile
732 3426 901 3489 irretiuntur,
928 3431 955 3476 et
973 3441 1029 3477 cum
1046 3439 1131 3475 escam
1148 3421 1251 3477 videant

270 3500 322 3546 tem
339 3495 410 3547 intus
429 3495 529 3548 hamum
546 3513 597 3548 non
614 3496 719 3559 vident,
737 3496 871 3565 adeoque,
888 3511 949 3547 esca
967 3492 1147 3563 apprehensa,
1167 3493 1244 3545 hamo

270 3564 421 3646 attinentur.
462 3565 634 3648 Quamobrem
657 3566 724 3649 iate3
750 3583 807 3618 curn
825 3564 972 3646 irridetur„
985 3564 1058 3615 vultu
1077 3560 1185 3643 quidem
1200 3563 1251 3683 ipsc

270 3634 405 3687 subradet:
422 3639 449 3687 at
466 3651 552 3687 secum
570 3642 652 3688 tacite
669 3637 834 3703 andtgnatur,
853 3643 881 3688 et
896 3650 986 3702 quavis
1005 3639 1086 3685 morta
1105 3648 1182 3699 perus
1200 3649 1209 3683 1
1245 3648 1251 3683 ι

269 3703 381 3756 veritate
400 3702 456 3772 ipsa
473 3704 558 3757 victsas
584 3722 649 3774 prae
673 3703 714 3757 ira
732 3704 914 3775 disrumpitur3
931 3711 985 3755 tum
1003 3699 1093 3753 ulcisci
1111 3701 1197 3769 cupit,
1215 3717 1251 3753 ne

269 3771 380 3840 ideoque
397 3772 546 3827 insolentem
570 3780 598 3827 et
614 3772 760 3826 maledicam
779 3772 891 3841 linguam
916 3788 1001 3824 secum
1026 3771 1141 3822 afferens
1166 3770 1202 3824 ad
1226 3788 1251 3840 pr

269 3849 390 3909 tanquam
412 3841 446 3894 ad
463 3842 580 3912 clypeum
599 3842 694 3896 autad
713 3842 947 3913 propugnaculum,
973 3840 1097 3907 confugit.
1138 3839 1186 3891 Sic
1210 3840 1252 3908 imp

268 3911 425 3964 auctoritate
442 3911 513 3964 velut
530 3912 640 3983 quadam
657 3921 787 3964 armatura
810 3912 938 3964 abutendo
962 3917 1038 3981 putat
1055 3927 1083 3961 se
1100 3926 1230 3962 conversa

269 3986 367 4060 ctorem
384 3997 417 4032 ex
429 3979 505 4062 ‘victo
523 3983 663 4036 exsistere:
682 3981 770 4034 itidem
788 3989 817 4033 nt
832 3981 954 4062 inianter,
968 3979 1012 4062 qui
1030 3986 1165 4049 parentum
1183 3979 1250 4032 mani

267 4047 365 4130 lovan,
385 4055 413 4100 et
429 4065 456 4100 ιιι
472 4051 563 4102 obvios
581 4068 696 4122 quosque
713 4067 760 4172 per
777 4049 860 4103 iocum
877 4049 1140 4131 iactatat1‚·gauderrt
1156 4054 1187 4100 et
1204 4048 1251 4102 velt

266 4133 307 4170 na
330 4117 459 4169 exsultant
481 4126 508 4170 et
531 4137 619 4172 manus
643 4139 715 4189 comp
726 4120 814 4172 odunt.
863 4119 930 4171 Nam
955 4125 982 4170 et
1004 4127 1055 4170 rste
1080 4117 1171 4170 eodem
1191 4118 1251 4171 mod

267 4184 375 4239 omnium
393 4186 553 4241 confessione
569 4190 654 4242 vietor
670 4191 825 4252 declaratus,
843 4187 965 4253 exsultat,
982 4204 1029 4240 nec
1046 4187 1177 4240 erubescit
1194 4204 1251 4258 pner

267 4254 349 4308 riolae
372 4264 520 4310 ornamenta
542 4258 674 4312 ambitiose
697 4259 838 4322 affectare,
860 4258 951 4342 qualia·
970 4257 1011 4309 vel
1034 4256 1251 4340 adolescentulum

267 4324 387 4378 drachma
405 4332 450 4379 aut
467 4326 542 4379 obolo
565 4344 597 4379 ex
621 4329 754 4381 orchestra
770 4345 886 4381 mercari.
921 4328 1065 4380 Lateranum
1086 4343 1184 4396 quippe
1200 4343 1251 4379 amr

266 4395 357 4448 rudem
382 4402 473 4448 nactus
497 4403 548 4449 tum
566 4397 631 4449 alias
649 4397 789 4451 calumnias
806 4397 945 4465 confingit,
967 4404 1020 4449 tum
1038 4397 1108 4449 illum
1131 4395 1251 4450 facillime

266 4481 299 4517 ea
315 4465 433 4529 ratione,
449 4465 520 4534 quod
537 4466 681 4537 periclitari
698 4467 833 4536 imperium
851 4466 936 4529 dicat,
955 4467 977 4518 si
995 4466 1209 4519 adversariorum
1226 4483 1251 4520 as

265 4531 318 4585 ullo
335 4535 409 4605 modo
426 4535 601 4604 praevaleant
641 4535 683 4589 lta
700 4536 760 4588 dum
777 4537 833 4589 eius
851 4553 928 4589 aures
942 4537 998 4588 sine
1015 4534 1067 4589 fine
1084 4536 1206 4590 incantat
1223 4544 1251 4591 et

265 4619 322 4655 eum
341 4620 496 4673 quocunque
519 4607 574 4660 vult
591 4605 712 4659 facillime
729 4607 912 4676 obsequentem
935 4605 1025 4658 trahit
1066 4604 1157 4660 Ferox
1175 4606 1251 4661 deind

263 4673 362 4743 petbus
379 4673 516 4743 incedens,
539 4676 683 4749 manisque
699 4674 800 4743 elatus,
825 4681 906 4730 totam
928 4690 959 4729 se
982 4673 1131 4731 arbitretur
1148 4678 1251 4733 iuras
