2640 5108
154 707 156 713 ,
226 624 302 708 698
544 639 778 711 NICEPHORI
797 639 1041 709 GREGORAE

57 793 91 866 ¹A·
104 807 136 864 Μ·
149 809 303 886 685δσεως
317 805 356 874 riv
370 813 506 899 συνορᾷν
523 805 655 894 γίνηται,
683 809 734 872 καλ
750 799 805 874 τδν
818 796 943 894 χρόνον,
968 804 1071 895 ὥσπερ
1086 802 1120 872 ἔκ
1133 800 1294 890 ταδτομάτ

97 887 146 937 Μ’
158 884 338 1003 1ὶηησαεμλς
357 914 400 988 είς
418 919 513 977 τοῦτο
538 908 748 977 συνελάσαντα
769 908 865 995 ’τύχης
884 911 927 976 τά
948 899 1135 998 πράγματα,
1169 936 1294 994 μονονοι

57 1102 61 1109 ¹
129 1094 131 1097 v
228 1012 489 1099 συλλαμβάνοντά
509 1039 575 1091 πως
598 1012 671 1098 ἡμῖν
696 1016 748 1080 καλ
776 1012 862 1098 μάλα
886 1014 979 1080 εάοδα
1003 1021 1294 1101 προκαθιστῶνται

225 1118 354 1204 μελέτης
365 1115 454 1203 ἡμῶν
469 1121 599 1203 ταυτησὶ
618 1118 658 1184 τά
674 1118 829 1205 προοίμια.
857 1115 877 1201 ἢ
892 1114 1045 1206 φρασάτω
1067 1129 1114 1194 τις
1130 1118 1198 1200 ίμολ
1222 1137 1294 1203 παρε

225 1222 297 1289 &alr
306 1271 317 1303 ‚
344 1232 433 1298 ποῒος
443 1217 557 1309 χρόνος
569 1217 645 1287 εἶδεν
657 1225 699 1297 είς
715 1221 811 1286 ταύτὸ
827 1220 990 1309 ἀμφότερα
1005 1221 1244 1304 συνενεχθέντα,
1268 1227 1294 1302 β

227 1327 343 1392 σιλείαν
363 1323 430 1410 ἅμα
456 1328 508 1390 καὶ
529 1325 706 1410 ἐκκλησίαν·
734 1326 784 1388 καλ
806 1322 999 1411 πατριάρχην
1020 1323 1086 1407 ἅμα
1112 1325 1165 1388 καλ
1192 1329 1248 1389 τοῦ
1269 1348 1294 1387 τι

197 1431 386 1514 Ρδημοσίων
400 1427 570 1513 κηδομδνου
590 1423 779 1516 πραγμάτων
799 1429 950 1510 βασιλέως
970 1424 1166 1514 χηρεύουσαν
1187 1428 1294 1510 βασιλίι

227 1533 306 1620 πρὸς
327 1529 360 1598 (ἓν
384 1535 435 1597 καλ
454 1531 550 1598 ταύτὸ
571 1532 700 1610 ξυνιέναι
724 1537 826 1608 καλῶς
845 1532 1026 1615 ἐνδιαίτημα
1033 1580 1044 1611 ,
1078 1533 1130 1595 καὶ
1155 1527 1239 1595 oinos
1261 1531 1294 1594 δν

227 1637 283 1702 τὸν
305 1635 400 1702 αδτδν
422 1636 455 1701 δν
475 1636 581 1724 ταύτῷ
601 1637 835 1715 καθίστασθαι,
863 1636 899 1701 τά
911 1633 1073 1718 βασιλικὸν
1086 1629 1253 1700 παλάτιον·
1276 1656 1294 1695 ιι

226 1739 283 1805 τδν
295 1741 352 1824 μὲν
366 1735 533 1818 ἀποσώζειν
547 1735 648 1804 είκάνα
662 1745 782 1822 ψυχῆς,
810 1738 867 1822 τὴν
881 1739 917 1803 δὲ
934 1734 1097 1822 σώματος·
1124 1737 1176 1801 καλ
1197 1736 1250 1802 τδν
1270 1760 1294 1816 μι

227 1842 296 1909 άντλ
310 1844 367 1927 μὲν
382 1843 534 1926 βασιλέως
555 1852 621 1918 τοῖς
639 1839 797 1928 πράγμασι
816 1843 956 1927 γίνεσθαι
971 1851 1037 1917 τοῖς
1053 1846 1237 1919 πολιτικοῖς,
1262 1837 1294 1902 ἂν

159 1945 162 1951 ’
227 1947 263 2012 δὲ
285 1946 404 2033 πατρὸς
424 1952 469 2034 τῷ
490 1941 607 2029 ταύτης
630 1943 758 2034 ὀρφανῷ
784 1948 872 2010 παιδὶ
895 1951 940 2034 τῷ
966 1944 1024 2034 νίορ
1046 1950 1187 2036 βασιλεῖ·
1218 1940 1294 2024 rior

225 2046 357 2114 ὑπείκειν
371 2048 430 2115 ὅσα
445 2051 496 2112 ’καὶ
511 2045 635 2133 η’γεμόνι
648 2055 775 2139 χρηστῷ
801 2051 851 2113 καὶ
869 2046 956 2137 μόνῳ
977 2046 1136 2135 δυναμένῳ
1158 2038 1294 2126 aalma

130 2152 161 2204 P·
168 2147 220 2208 437
229 2151 328 2238 ἀρχὴν
344 2150 512 2239 ἀσφαλῶς,
539 2150 598 2217 ὅσα
613 2154 664 2216 καὶ
678 2149 883 2237 κυβερνήτης,
901 2149 1046 2237 καθάπερ
1063 2145 1183 2216 ὁλκάδα
1193 2154 1292 2232 πλημμ

229 2260 292 2331 λῶς
306 2253 360 2346 ἔφ’
375 2251 483 2341 ὑγραῖς
496 2256 759 2340 ταλαντευομένην
772 2251 936 2339 θαλάττης
953 2251 1108 2341 ἀγκάλαις.
1143 2255 1170 2319 εἰ
1184 2254 1219 2318 δὲ
1231 2253 1294 2317 ταῦτ

226 2361 301 2444 τῇδε
325 2350 383 2441 ἔχει
409 2360 459 2422 καλ
481 2357 570 2424 οὐδὲν
587 2356 746 2446 ὖποτρίχει
766 2360 884 2440 ψεῦδος
904 2357 945 2423 ut
969 2357 1132 2443 εἰρημένα,
1161 2358 1195 2421 τί
1222 2354 1294 2420 salt

228 2462 280 2526 καλ
303 2450 501 2546 παρασήμοις
519 2464 574 2527 καί
587 2487 647 2528 τισι
673 2463 845 2547 τεκμηρίοις
865 2465 1036 2544 βασιλικοῖς
1052 2461 1191 2536 οκιωδῶς
1201 2478 1294 2534 πωςν

198 2589 200 2591 ·
224 2570 366 2650 χρῆσθαι
381 2564 459 2652 πρδς
473 2565 529 2650 τὴν
544 2572 607 2632 τῶν
621 2563 720 2642 οὕτως
735 2565 866 2648 άληθῶν
879 2563 1095 2648 βεβαι“αιοτν,·”
1137 2560 1209 2653 (Δ.)
1240 2555 1294 2627 0151

196 2670 282 2753 Βμδν
298 2661 353 2735 οὗν
369 2670 535 2756 είρωνικοῖς
546 2667 701 2752 μᾶλλονῆ
720 2664 919 2754 γοητεάουσιν
935 2667 1038 2744 άλλως
1058 2662 1294 2751 ελπερχδμενοςλ

136 2835 138 2841 ,
221 2797 289 2857 γοις
313 2774 364 2837 καλ
385 2772 422 2839 τδ
442 2772 619 2856 παθητικὸν
647 2778 705 2854 τῆς
726 2775 797 2859 τοῦς
811 2767 1002 2858 πατριάρχου
1022 2765 1176 2836 θωπεάων
1194 2773 1294 2853 ψυχῆς

219 2872 409 2950 Ἀπόκαυκος
433 2874 532 2939 τᾶλλα
551 2876 608 2958 μὲν
639 2872 780 2954 άσμίνοις
808 2872 1030 2959 προσήκασθαι
1051 2874 1212 2938 ἐπεπείκει·
1238 2872 1274 2938 τδ

221 2985 285 3043 τῶν
314 2978 459 3063 ἓρυθρῶν
483 2979 614 3043 πεδίλων
638 2983 694 3042 νῦν
720 2978 777 3060 μὲν
799 2975 911 3062 ἥκιστα
933 2976 986 3042 διὰ
1008 2976 1044 3042 τδ
1068 2981 1126 3060 τῆς
1152 2972 1294 3059 καινδτη1

187 3122 189 3126 1
222 3076 362 3168 θράσος·
385 3085 564 3166 χωροῦντος
581 3082 601 3145 δ
605 3080 616 3107 '
635 3078 696 3164 δψδ
709 3087 767 3146 τοῦ
778 3078 916 3167 χρόνου,
944 3079 995 3145 διά
1010 3079 1065 3145 τὸν
1081 3085 1145 3145 τῶν
1160 3081 1250 3144 δυοῖν
1263 3080 1294 3143 la

291 3226 317 3280 1.
334 3220 365 3282 ἐκ
381 3225 458 3279 Βοὶτ.
475 3241 523 3294 pro
541 3221 578 3292 ἐξ.
628 3227 654 3282 5.
673 3225 714 3290 εἰς
728 3222 815 3282 rorico
833 3226 911 3281 Bois.
928 3242 978 3298 pro
993 3225 1035 3291 εἰς
1046 3221 1133 3280 τοῦτ’.
1187 3225 1230 3280 19.
1247 3218 1294 3281 aim

288 3291 405 3368 χάμενος
421 3310 490 3349 corr.
506 3295 582 3348 Boiv.
603 3311 651 3366 pro
667 3291 879 3368 άπεροχὸμενος.

218 3419 314 3470 rentes.
350 3416 453 3470 Voleuti
468 3420 539 3468 certe
555 3413 663 3469 cuilibet
675 3415 765 3470 videre
779 3421 835 3480 est,
853 3415 912 3486 ipra
928 3415 994 3469 haec
1012 3419 1146 3484 tempora,
1163 3413 1244 3467 rebus
1256 3429 1294 3484 qu

219 3492 312 3570 sponte
325 3486 352 3538 in
366 3503 423 3539 cum
438 3491 531 3538 statum
543 3484 670 3550 deductis,
684 3487 815 3539 nobiscum
826 3503 908 3554 paena
921 3485 1106 3553 quodammodo
1121 3484 1282 3554 conspirare,

216 3572 286 3608 vram
302 3555 335 3608 ad
349 3572 459 3625 eaquae
478 3554 628 3607 meditamur
641 3556 785 3608 facillimam
799 3556 869 3608 velut
884 3562 1008 3606 sternere.
1043 3554 1090 3605 Sin
1105 3554 1202 3616 minus,
1221 3553 1294 3621 prod·

217 3624 313 3707 aliquis
326 3624 468 3694 doceatque
483 3641 544 3687 noa,
562 3623 718 3706 ecquodnam
732 3633 832 3694 tempus
848 3625 913 3677 haec
928 3624 978 3675 (luo
994 3623 1020 3675 in
1035 3640 1111 3674 unum
1125 3622 1273 3675 coalescere
1288 3639 1294 3647 ·

218 3693 304 3758 dent,
320 3693 456 3763 imperium
472 3699 500 3746 et
514 3693 664 3747 ecclesiam:
681 3695 855 3765 patriarcham
869 3705 954 3746 autem
968 3700 996 3745 et
1008 3692 1198 3761 imperatricem
1213 3694 1294 3744 orbat

217 3763 342 3844 coniuge,
360 3778 440 3831 aquo
459 3762 619 3832 reipublicae
640 3781 704 3817 aura
726 3764 913 3826 sustineretur,
937 3762 1003 3814 bene
1020 3761 1046 3812 in
1068 3777 1145 3813 unum
1163 3768 1244 3830 atque
1262 3762 1294 3814 iu·

215 3829 356 3900 hospitium
370 3831 521 3895 convenire,
538 3832 643 3884 eandem
663 3851 696 3886 us
710 3833 761 3887 utri
781 3850 812 3885 ue
829 3833 928 3884 domum
946 3831 1034 3883 eodem
1051 3838 1167 3898 tempore
1182 3848 1256 3893 essa,
1278 3847 1294 3900 p

217 3900 305 3955 latium
321 3899 526 3969 imperatorium
543 3911 623 3971 atquc
638 3850 708 3955 iiiam
722 3853 823 3973 (μήδεαι
839 3902 938 3954 animae
951 3901 1036 3952 instar
1053 3900 1164 3961 habera3
1183 3900 1250 3952 hauc
1266 3917 1294 3952 τε

217 3969 350 4038 corporis:
367 3969 437 4023 illum
451 3976 478 4022 et
489 3971 650 4039 imperatoris
663 3972 722 4024 vice
736 3973 763 4024 in
773 3970 907 4042 republica
921 3969 1012 4038 fungi,
1030 3976 1058 4020 et
1069 3968 1187 4038 parentis
1199 3968 1257 4021 loco
1270 3986 1294 4022 as

216 4038 280 4091 orbo
293 4037 362 4091 illius
375 4038 445 4103 filio,
460 4040 557 4093 iuniori
571 4040 736 4108 imperatori3
754 4041 819 4094 banc
831 4056 894 4093 vero
910 4039 1104 4108 obtemperare,
1121 4049 1245 4104 tanquam
1261 4055 1294 4108 op

215 4123 257 4160 mo
275 4108 387 4170 rectori,
404 4125 436 4159 ac
450 4116 572 4178 tanquam
587 4111 628 4174 ei,
647 4109 692 4178 qui
704 4111 773 4162 solus
787 4109 871 4180 possit
888 4108 1020 4177 imperium
1034 4107 1103 4159 haud
1121 4106 1199 4160 (lubic
1213 4124 1294 4161 servu

214 4181 249 4243 ut
256 4176 340 4229 navim
353 4177 511 4247 gubernator
526 4178 552 4230 in
569 4177 672 4231 humido
687 4178 764 4232 maris
777 4179 877 4247 gremio
890 4184 987 4229 temere
1001 4177 1175 4229 fluctuantem.
1211 4177 1294 4240 Quod

214 4246 281 4298 haec
295 4246 333 4299 ita
345 4264 374 4299 se
386 4247 491 4310 babent,
503 4265 550 4300 nec
561 4247 721 4300 mendacium
734 4248 811 4300 ullum
825 4247 851 4299 in
863 4247 1004 4299 orationem
1016 4262 1095 4298 meam
1109 4245 1226 4314 irrepsit,
1237 4246 1294 4317 quil

215 4322 244 4366 at
261 4315 373 4384 iusignia
388 4322 416 4368 et
432 4315 542 4386 aliquam
560 4316 741 4387 imperatoriae
759 4316 897 4384 dignitatis
915 4324 1000 4367 natam
1020 4330 1130 4384 usurpas
1146 4331 1294 4384 quoquomo

215 4384 406 4449 adumbratam,
424 4386 458 4438 ad
478 4385 597 4442 veritatis
618 4392 707 4439 tantae
727 4383 987 4439 confirmationem't”
1023 4384 1098 4452 (lV.)
1116 4383 1161 4435 Sic
1174 4385 1294 4452 Apocsar

214 4452 340 4506 homiuem
355 4454 432 4507 dictis
445 4471 583 4524 aggressus
597 4455 702 4508 ironicis
719 4473 741 4508 m
778 4455 889 4524 isquam
904 4453 1000 4524 alioqui
1011 4453 1155 4515 fallacibus,
1173 4461 1201 4505 et
1215 4456 1294 4522 patrio

214 4522 279 4573 chae
291 4523 415 4588 animum,
433 4541 485 4594 qua
497 4525 595 4578 moveri
607 4529 726 4595 poterat,
743 4524 837 4577 banda
852 4522 984 4587 alliciam,
1001 4533 1032 4576 ut
1044 4523 1089 4574 illa
1103 4521 1206 4591 quidem
1219 4524 1274 4577 alia
1288 4528 1294 4577 l

213 4589 264 4643 cile
282 4592 430 4646 admitteret
448 4595 593 4663 persuasit3
618 4611 668 4646 non
685 4601 778 4660 autem,
792 4601 822 4646 ut
838 4594 931 4646 rubros
946 4609 1048 4676 quoquc
1067 4591 1184 4654 calceos3
1204 4594 1295 4662 quasi

213 4662 320 4730 negavit
334 4678 365 4716 sa
376 4669 542 4734 accepturum
555 4663 582 4716 ia
602 4663 733 4734 praesenti
750 4669 858 4733 propter
877 4678 961 4716 novae
974 4678 1014 4715 rm
1027 4660 1207 4715 imuleritiamr
1224 4669 1255 4716 at
1265 4675 1294 4733 pr
