2574 5114
193 623 270 696 rto
504 602 737 714 mensuum
757 626 998 697 canaonas

29 809 58 863 Δ.
71 807 104 860 bl.
113 805 182 862 6855
193 793 275 863 καθ’
295 791 386 879 ἡμῶν
406 790 544 880 ἕαρῦτο,
570 796 621 859 καὶ
640 793 738 859 παλδν
760 791 915 859 ὠδίνουσα
934 790 989 857 τὸν
1010 789 1136 874 θυμδν,
1157 791 1203 854 καὶ
1217 779 1269 872 μύ-

63 878 114 930 lud.
127 876 159 933 ¹⁵
194 899 285 966 not’
311 896 359 964 ὅτι
381 899 431 962 καὶ
453 897 528 975 τούς
542 896 822 984 παρακαθημένους
850 892 1046 979 ῦπηχοῦντας
1064 890 1122 978 εἶχε
1141 897 1189 959 καὶ
1206 887 1270 980 opi·

193 1006 255 1089 δρα
282 1002 517 1089 ἐπικρατοῦντας
542 997 782 1082 καλακικιύτερον
801 995 926 1086 τρόπον.
963 997 1011 1063 διδ
1037 999 1090 1063 καὶ
1113 1003 1209 1071 κακῶς
1225 996 1268 1078 μέν

89 1092 91 1098 ⁴
193 1105 296 1193 ἀφίει,
323 1103 470 1188 κρατερὸν
483 1103 517 1168 δ’
536 1105 583 1168 ἐπὶ
600 1109 706 1187 μῦθον
719 1102 851 1182 ἔτελλεν,
872 1101 1026 1187 ἔγγραφον
1039 1101 1099 1185 τῆν
1111 1100 1185 1184 ἐμὴν
1195 1099 1268 1164 ἄπαι-

189 1214 289 1274 τοῦσα
303 1205 426 1293 γνώμην
437 1206 470 1271 ἓν
480 1212 525 1295 τῷ
540 1206 650 1273 αὐτίκα
657 1255 667 1286 ,
697 1202 739 1280 ὡς
754 1203 791 1269 ἂν
806 1201 1004 1290 βεβαιότερον
1017 1203 1181 1288 ἀντιλέγειν
1193 1203 1281 1286 lgent

159 1311 223 1379 not
242 1309 359 1394 ταύτης
379 1307 557 1397 ὁμόφρονες.
599 1306 666 1397 (ς’.)
693 1312 756 1373 Καὶ
780 1308 870 1374 τοῦτ’
893 1307 993 1388 ἔστιν,
1024 1305 1040 1372 b
1064 1308 1117 1372 arni
1137 1306 1192 1391 τὴν
1210 1305 1266 1388 έμῆι

190 1415 270 1503 πρδς
283 1412 417 1500 ἀνάγκας
432 1412 507 1488 ἴσως
518 1409 724 1500 ύπιρρήσεων
738 1410 840 1495 ῆνεγιιε
854 1416 995 1497 γλῶτταν
1000 1458 1012 1489 ,
1024 1410 1124 1475 ’ἐνίοτε
1142 1411 1192 1474 καὶ
1205 1410 1264 1473 lno-

187 1524 248 1602 χοῦ
262 1515 348 1601 μύλα
360 1542 408 1582 τοι
421 1514 545 1602 σφόδρα
558 1517 701 1599 γενναέιυς
714 1516 762 1593 ἐπὶ
776 1521 820 1603 τῷ
834 1516 968 1601 θεμελίῳ
988 1519 1044 1596 τῆς
1059 1509 1263 1595 δεδομένηςειέ

191 1622 311 1703 σεβεέας
327 1622 481 1686 ’ἵστασθαι
496 1624 720 1703 παραινοῦντος
735 1617 807 1693 τούς
824 1613 1028 1704 προσιόντας,
1052 1618 1103 1680 καὶ
1119 1615 1199 1699 μηδ’
1213 1613 1264 1698 cipp

189 1731 320 1811 στιγμῆς
342 1732 411 1796 ταῖς
431 1719 591 1804 τηνικαῦτ’
621 1718 877 1800 ἐπιπολαζούσαις
898 1720 1287 1805 καιναφαινέαις-έγκλένειν,

188 1827 400 1912 μεμνημένους
420 1829 483 1889 τῶν
506 1823 700 1908 εύαγγελικῶν
723 1848 757 1888 τε
773 1825 824 1888 καὶ
840 1823 1053 1897 ἀποστολικιῦν
1073 1821 1264 1908 παραινέσεων

159 1934 240 1997 Euat
256 1929 315 1996 door
331 1926 347 1994 ὅ
360 1928 455 2011 μέγας
470 1927 502 1991 έν
516 1928 662 2016 θεολογέηι
674 1931 705 1991 Γ
703 1922 844 2012 ρηγύριος
849 1975 860 2006 ,
887 1926 919 2002 ές
932 1925 990 2001 τὰς
1007 1921 1118 2006 ῦμαέας
1133 1926 1265 2007 inuento·

190 2034 253 2109 κιδς
272 2028 463 2115 περιστάσεις
477 2035 533 2114 τῆς
549 2031 719 2112 ἐκκλησίας,
740 2030 897 2106 διέξεισιν·
922 2025 1036 2113 ,ἡμεῖς
1052 2026 1175 2116 (λέγων)
1195 2025 1265 2092 nissi

189 2137 278 2221 μέχρι
291 2141 347 2219 τῆς
360 2130 511 2217 τυχούσης
525 2133 647 2217 κεραίας
661 2134 711 2197 καὶ
721 2139 866 2217 γραμμῆς
877 2138 934 2197 τοῦ
946 2128 1120 2213 πνεύματος
1133 2131 1189 2215 τὴν
1200 2127 1265 2214 sispi-

189 2245 278 2322 βειαν
306 2238 441 2312 ἓλκαντες
463 2235 573 2303 ούπατε
598 2232 751 2317 δεξόμεθα
770 2233 833 2323 (ori
853 2234 914 2321 γὰρ
934 2232 1032 2320 ὅσιον)
1057 2233 1130 2301 οῦδὲ
1148 2233 1277 2309 τδςέλα

186 2343 298 2426 χέστας
318 2337 442 2426 πράξεις
461 2343 524 2423 εῖκῆ
546 2341 783 2423 σπουδασθῆναι
804 2335 1111 2424 τοῒςύναγρύψασι,
1139 2335 1265 2419 καὶμέχρι

188 2451 247 2511 τοῦ
261 2440 414 2531 παρόντας
425 2440 532 2530 μνήμῃ
547 2445 759 2526 διασωθῆναι·
777 2441 847 2507 ἀλλ’
862 2442 906 2506 i's'
920 2432 1006 2526 ῆμεῖς
1020 2440 1136 2524 ligones
1149 2433 1265 2522 ῦπομνύ-

87 2556 121 2612 V.
128 2557 180 2614 391
186 2573 274 2632 ματα
289 2549 340 2612 καλ
357 2544 551 2629 παιδεύματα
566 2553 623 2630 τῆς
638 2552 701 2612 τῶν
715 2543 831 2627 ὁμοίων
839 2594 849 2625 ,
875 2545 907 2610 ei‘
916 2570 990 2611 ποτε
1009 2543 1162 2624 συμπέσαι
1171 2539 1264 2629 καίρδς,

159 2651 394 2733 θδιασκέψεαις·
422 2647 501 2716 ὥστε
523 2649 563 2715 τὰ
584 2650 641 2733 μέν
658 2645 800 2736 φεύγειν,
822 2647 864 2714 τὰ
884 2647 918 2714 δ’
942 2648 1118 2733 αἱρεῖσθαι,
1147 2643 1207 2712 οἷον
1225 2669 1265 2708 κα·

183 2751 252 2822 νύσι
264 2756 325 2821 τισὶ
341 2754 392 2819 καὶ
406 2750 530 2833 τύποις,
552 2761 618 2827 τοῖς
637 2756 848 2836 προλαβοῦσα
868 2748 1008 2834 ἓπύμεναι
1021 2752 1238 2836 παραδείγμασι
1246 2743 1265 2781 ·”

184 2861 236 2924 καὶ
258 2855 319 2922 ὅσα
339 2853 453 2938 ὃμοιάις
478 2852 495 2921 d
517 2856 612 2940 μέγας
633 2856 794 2931 Βασιλειας
815 2855 846 2919 ἐν
865 2860 911 2944 τῷ
932 2857 999 2940 περὶ
1021 2855 1153 2930 πίστεως
1174 2852 1265 2939 ipsos

185 2957 278 3046 λύγῳ,
300 2952 462 3045 φείδεσθαι
474 2963 633 3039 παραινῶν
645 2960 695 3022 καὶ
708 2964 772 3023 τῶν
785 2954 945 3040 ύνομύταν
958 2956 978 3041 ἢ
992 2952 1142 3043 ῥημύτιυν
1158 2957 1265 3029 ἐνιέναι,

184 3061 207 3130 ἃ
222 3061 319 3139 λέξεσι
335 3058 462 3143 μὲνούκ
480 3060 643 3148 ἐμφέρεται
659 3067 698 3149 τῇ
718 3063 792 3153 θείη
805 3068 929 3149 γραφῇ,
952 3056 1090 3127 διύνοιύν
1102 3085 1137 3145 γε
1148 3060 1208 3143 μὴν
1223 3054 1264 3121 αύ-

186 3257 292 3315 suuni
304 3256 361 3312 visa
373 3260 424 3323 cst,
440 3262 468 3310 et
480 3258 583 3312 multam
596 3256 660 3312 iram
674 3256 818 3328 parturire3
835 3258 915 3328 idque
927 3276 957 3311 eo
968 3257 1086 3325 maxime,
1103 3258 1175 3329 quod
1187 3256 1227 3328 qui
1236 3271 1266 3308 ar·

187 3329 306 3385 sidebant
322 3327 348 3381 ei
366 3326 527 3392 accinerent,
545 3335 572 3381 et
584 3326 718 3382 immodica
732 3327 878 3382 adulatione
893 3327 1084 3397 applauderent.
1118 3327 1217 3385 idcirco

374 3395 537 3465 Dimittitque
549 3398 677 3466 superbe,
695 3397 818 3467 additque
831 3397 903 3450 baud
918 3396 1002 3450 mollia
1016 3395 1097 3462 iussa,

185 3484 266 3522 meam
279 3471 309 3519 ut
320 3467 471 3519 seutentiam
485 3466 619 3519 confestim
632 3467 730 3537 scripto
743 3467 872 3520 traderem
886 3466 1042 3535 efflagitans,
1059 3484 1111 3536 quo
1124 3469 1227 3550 possein
1236 3462 1268 3515 ln·

185 3537 251 3590 mina
265 3535 444 3589 contradicere
457 3535 485 3598 ii,
497 3537 542 3604 qui
558 3553 613 3588 cum
626 3553 657 3589 es
670 3536 803 3590 sentirent.
838 3535 913 3603 (Vl.)
931 3536 1014 3606 Atque
1026 3535 1089 3588 illud
1105 3536 1224 3588 videlicet
1234 3549 1270 3584 aa·

185 3605 314 3658 cessitatis
332 3605 399 3668 fuit,
417 3604 484 3686 quod
499 3612 527 3657 et
544 3622 584 3658 me
601 3605 684 3674 ipsum
703 3605 736 3657 ad
754 3604 977 3658 contradicendum
992 3605 1108 3674 impulit,
1126 3623 1182 3658 curn
1197 3602 1270 3656 obrias

184 3690 316 3744 quosque,
339 3681 369 3727 ut
384 3674 431 3727 reli
451 3673 518 3726 ionia
533 3674 583 3726 sibi
603 3673 714 3727 traditae
733 3673 904 3727 fundamentis
923 3672 1072 3726 insisterent
1089 3691 1183 3742 magno
1202 3670 1270 3724 anias

184 3759 363 3811 nonnunquam
377 3750 405 3795 et
418 3691 512 3794 sicubi
532 3743 666 3808 hortarer,
683 3751 762 3813 atque
776 3751 805 3796 ut
822 3760 854 3795 ne
890 3750 966 3796 uncto
982 3742 1083 3811 quidem
1096 3750 1172 3795 tenus
1186 3742 1216 3795 sd
1228 3745 1286 3802 aaa*

184 3817 322 3881 quactum
340 3811 501 3881 gliscebant,
519 3811 662 3882 opinionum
679 3813 807 3866 novitates
823 3760 996 3876 declinarent,
1012 3810 1059 3864 sed
1074 3819 1103 3863 ut
1124 3810 1273 3881 evangelica!

80 3891 83 3896 ·
183 3887 212 3932 et
223 3879 377 3949 apostolicas
390 3879 574 3936 admonitiones
592 3882 823 3944 reminiscerentur,
841 3888 869 3934 et
882 3898 948 3951 quae
961 3898 1068 3950 magnus
1081 3880 1225 3948 theologiae
1236 3877 1274 3930 do·

183 3956 242 4001 ator
255 3948 400 4018 Gregorius
413 3949 543 4014 disseruit,
556 3966 613 4003 curn
625 3951 653 4002 iu
664 3951 755 4003 similia
767 3949 901 4019 religionis
913 3957 1029 4018 tempora
1041 3948 1185 4002 incidisset
1210 3946 1276 4014 „Nat

182 4017 296 4100 (iuquit)
308 4034 363 4069 curn
376 4026 520 4072 accuratam
533 4019 648 4091 Spiritus
660 4019 705 4071 dili
725 4019 817 4072 entiam
830 4019 862 4072 ad
877 4019 1016 4088 quemlibet
1028 4019 1135 4088 apicem,
1151 4021 1184 4072 sd
1199 4031 1279 4088 quan·

182 4085 248 4139 lubet
261 4085 386 4154 virgulam
399 4089 547 4151 trahamus,
564 4105 691 4158 nunquam
705 4038 851 4142 dederimus
868 4088 915 4156 (ne
935 4106 967 4141 ue
985 4088 1050 4141 enim
1068 4088 1109 4141 las
1124 4089 1184 4155 est)
1201 4085 1277 4139 rel'u

182 4153 291 4209 minimis
312 4153 379 4207 sctis
391 4157 579 4221 recensendis,
603 4175 739 4227 eorumque
757 4156 876 4211 memoria
896 4107 932 4210 sd
951 4173 1074 4226 praesens
1093 4174 1176 4227 usque
1188 4164 1279 4225 tempu

183 4223 369 4288 cornervanda,
387 4229 484 4277 temere
497 4225 647 4279 elaborasse
656 4244 710 4292 eos,
725 4227 769 4296 qui
783 4226 956 4292 scripseruut3
973 4225 1019 4279 sed
1033 4242 1064 4278 eo
1076 4233 1107 4277 ut
1118 4244 1167 4279 nos
1180 4226 1279 4279 babes·

182 4311 238 4348 mus
251 4293 405 4346 monimenta
419 4301 446 4346 et
459 4294 620 4359 documenta,
638 4297 732 4364 quibus
745 4297 772 4349 in
786 4295 904 4348 similium
920 4312 1003 4348 rerum
1019 4295 1186 4361 tractatione,
1204 4293 1281 4348 siua-

183 4380 258 4432 quam
274 4362 401 4415 incideret
415 4364 526 4429 occasio,
538 4372 681 4418 uteremur:
698 4366 737 4418 ita
748 4372 779 4418 ut
791 4363 933 4435 praeterita
948 4364 1063 4433 exempla
1075 4372 1199 4434 tanquam
1211 4377 1283 4435 rag!-

182 4431 222 4485 lss
236 4438 264 4484 et
278 4432 434 4502 archetypos
448 4433 522 4486 nobis
538 4434 715 4503 proponendo,
733 4436 798 4486 haec
812 4434 912 4502 quidem
926 4434 1089 4501 lugeremus,
1105 4434 1153 4486 illa
1167 4451 1229 4488 vero
1241 4431 1284 4486 rd-

181 4499 333 4569 geremus'’:
351 4510 458 4571 atquae
473 4502 571 4572 pariter
586 4520 691 4571 magnus
700 4503 813 4558 Basilius
828 4501 971 4571 disputavit
986 4503 1013 4555 in
1028 4518 1077 4567 ea,
1090 4520 1169 4571 quarn
1182 4501 1286 4557 dono

183 4567 299 4638 scripsit,
314 4571 446 4625 oratione:
483 4571 618 4625 arcendum
627 4590 733 4627 mouens
748 4573 781 4626 iis
794 4589 898 4642 quoque
912 4570 1056 4625 nominibus
1071 4574 1208 4638 etverbis,
1223 4591 1258 4644 qu
1278 4605 1287 4613 «ι

182 4636 209 4690 iu
221 4654 297 4692 sacra
308 4639 445 4711 Scriptura
461 4589 560 4696 diserte
575 4640 678 4713 quidem
691 4647 718 4698 et
733 4658 858 4714 expresse
869 4656 920 4696 uon
935 4648 1053 4706 exstant,
1071 4640 1124 4696 vim
1138 4649 1225 4698 autam
