2640 5108
155 419 230 499 οοο
457 428 693 525 nicaenos]
716 427 958 524 enaeoana

0 643 5 654 -
36 607 68 657 Μ.
78 606 145 664 6851
158 591 294 684 ἓγεγύνει,
312 592 420 686 ἀμηδ’
431 590 509 671 ὅλως
516 592 638 678 oddoni]
651 593 859 680 προσεδοκᾶτο
868 602 933 670 τοῖς
948 588 1169 675 κινδυνεύουσι,
1185 592 1264 679 μηδ’

26 677 78 730 ¹¹¹⁶·
91 680 207 799 11ῃέπὶ
227 702 356 786 καρδίαν
382 699 476 783 ἀνέβη
498 693 629 780 θνητήν.
655 701 701 785 τῷ
722 695 779 778 μέν
801 695 861 782 γάρ
882 702 1007 780 βασιλεῖ
1022 694 1150 780 ἥδιστόν
1171 723 1201 762 τι
1217 701 1268 762 καὶ

159 804 333 889 ἐλευθέριον
357 800 613 868 ἀναπεπνευκέναι
638 799 771 884 ἐπῆλθεν
798 798 879 890 ὀψέ,
916 801 967 864 καί
989 806 1051 866 τῶν
1073 799 1145 866 κατ’
1172 800 1268 866 αύτδν

157 903 348 992 πραγμάτων
363 904 460 990 ἀρχὴν
474 905 599 986 νομίσαι
614 904 699 967 τουτί
722 903 773 967 καί
789 899 979 968 κατάστασιν
996 899 1143 988 πρῶτην·
1171 910 1217 992 τῷ
1234 905 1268 968 δὲ

157 1015 221 1074 τῶν
245 1014 430 1094 Τριβαλλῶν
463 1005 586 1094 ἀρχηγρλ
613 1004 656 1070 δι’
686 1003 781 1090 ἀργῆς
809 1012 966 1071 ποιεῖσθαι
988 1005 1025 1071 τδ
1042 1006 1190 1089 συμβὰν,
1216 1009 1291 1071 καὶὸ

156 1111 318 1200 μεταμέλῳ
332 1116 443 1198 μακρῷ
464 1110 521 1194 τὴν
535 1107 640 1192 ψυχὴν
653 1105 852 1191 κατατήκειν,
881 1105 932 1175 ὅτ’
955 1108 987 1173 έν
1000 1115 1103 1193 χεροῖν
1119 1107 1199 1192 έχων
1213 1135 1268 1192 με·

156 1221 255 1297 θῆκεν
272 1210 331 1279 ἀπ’
354 1214 504 1296 ἀβουλίας
524 1211 579 1277 τάν
597 1217 726 1298 μακρῶν
745 1210 918 1296 θησαυρῶν
937 1208 1139 1296 γενησόμενον
1155 1212 1267 1294 αἴτιον,

61 1314 238 1382 Ρ.409κατά
257 1341 290 1382 τε
304 1322 439 1382 πλοῦτον
452 1314 550 1401 ἀρχῆς
565 1311 643 1396 ὁμοῦ
658 1315 708 1379 καί
720 1311 889 1400 χρημάτων
904 1317 954 1378 καὶ
970 1313 1106 1401 ἀφοβίας
1119 1320 1185 1381 τῶν
1198 1316 1268 1402 ίφε-

158 1424 213 1503 ξῆς
239 1403 411 1502 δαψίλειαν.
466 1416 535 1508 (Ζ)
559 1414 720 1500 Ἐβούλετο
742 1414 799 1499 μέν
816 1409 872 1483 σύν
885 1414 1018 1500 πόλεμον
1033 1416 1176 1502 ἀρασθαι
1194 1417 1266 1483 κατ’

158 1521 274 1602 αὐτοῦ,
303 1525 353 1588 καί
373 1519 477 1608 μάχης
500 1519 591 1607 ἀρξαι
614 1526 810 1605 περιφανοῦς.
844 1519 952 1598 δεδιὼς
975 1520 1010 1585 δ’
1036 1513 1093 1602 αὖ,
1128 1520 1307 1606 μὴπρδςῖο

158 1624 309 1710 ἀθέτησιν
324 1631 446 1713 πρῶτος
463 1619 611 1709 χωρήσας
634 1621 729 1700 αὐτὸς
754 1629 816 1691 τῶν
840 1622 1070 1707 ὀμωμοσμένων
1095 1621 1269 1723 ἀντιπράτ-

156 1754 242 1795 τοντι
267 1735 436 1815 προφανῶς
456 1723 565 1813 ἐντύχῃ
590 1731 635 1814 τῷ
663 1726 761 1814 θείῳ,
799 1724 966 1792 κάντεῦθεν
995 1725 1091 1810 ἥττης
1107 1723 1268 1814 ἀγῶνισμα

157 1833 277 1916 γένηται
295 1833 374 1917 μέγα
397 1831 448 1895 καί
463 1827 528 1912 ἅμα
541 1833 598 1913 τῆς
612 1829 644 1906 ἔξ
659 1824 835 1915 ἀνθρώπων
846 1824 958 1913 χλεύης
971 1835 1143 1915 κληροῦχος
1158 1830 1266 1908 εύθδς,

126 1935 280 2017 Βίπέσχεν
300 1933 331 2008 ές
350 1959 382 2018 γε
399 1932 434 1998 τύ
457 1930 574 2020 παρδν,
609 1938 715 2017 σιγῶσι
739 1937 895 2017 λογισμοῖς
916 1935 1063 1999 δαπανῶν
1076 1934 1134 2018 τὴν
1149 1931 1268 2017 ψυχήν.

157 2035 245 2124 έφθη
265 2034 324 2123 γὰρ
346 2033 498 2122 ἑκατέρων
521 2033 637 2118 μεταξύ
664 2033 709 2100 δι’
735 2031 835 2120 ὅρκων
858 2041 1068 2119 βεβαιωθεῖσα
1087 2038 1266 2123 συμφωνία,
1279 2052 1308 2106 15

157 2138 325 2225 μηδέτερον
345 2139 503 2227 μηδετέρῳ
525 2138 599 2203 ποτὲ
624 2137 773 2223 γίνεσθαι
787 2135 914 2221 κώλυμα
929 2138 1007 2226 πρὸς
1021 2139 1163 2223 εὐτυχίαν
1180 2137 1271 2224 ἡντι·

158 2247 254 2307 ναούν
278 2241 494 2327 ἀπαλλαγεῖσιν
520 2234 677 2325 ἀλλήλων,
711 2239 785 2306 ἀλλ’
810 2241 947 2324 ἐμμένειν
961 2252 1025 2319 τοῖς
1042 2240 1168 2318 ἀσύλοις
1185 2242 1271 2328 ὅροις

156 2344 205 2409 ἀεὶ
224 2351 279 2428 τῆς
293 2347 413 2431 φιλίας,
440 2346 491 2410 καί
508 2353 672 2430 συγχωρεῖν
690 2353 759 2420 ταῖς
777 2351 840 2409 τῶν
854 2347 1033 2424 Βυζαντίων
1047 2341 1196 2430 ὑπηκόοις
1213 2343 1276 2439 πύῇ

161 2452 243 2513 λεσιν
250 2497 261 2529 ,
289 2447 352 2537 ὅτῳ
365 2445 529 2531 βούλοιντο
546 2456 737 2535 προσχωρεῖν
750 2442 922 2529 ἀπῶσποτε,
952 2454 1009 2513 νῦν
1022 2449 1080 2531 μίν
1094 2448 1175 2514 καθ’
1195 2445 1273 2532 δμο-

157 2552 280 2635 λογίαν,
319 2558 374 2617 νῦν
396 2551 430 2617 δ’
454 2552 488 2616 du
510 2552 689 2638 πολιορκίας
712 2546 863 2637 ἑκατέρων
883 2550 962 2635 ἀλλη
988 2549 1090 2641 ἀλλην,
1125 2552 1312 2635 {paneadam

128 2653 286 2731 ῦούδενδς
301 2653 401 2721 οάδενλ
416 2660 602 2732 καθεστῶτι.
630 2649 730 2740 ταύτῃ
750 2676 799 2717 τοι
815 2655 866 2718 καί
882 2654 933 2720 διά
946 2661 1054 2740 μυχῶν
1065 2652 1179 2742 ἴκρυψε
1196 2678 1273 2723 σιω-

81 2832 89 2847 ‚
163 2763 224 2842 πῆς
242 2756 277 2822 τὸ
291 2757 415 2838 συμβάν
429 2755 465 2822 ού
478 2753 564 2839 μάλα
582 2754 709 2821 έθίλων.

68 2831 158 2956 ³3³1}
241 2855 278 2936 ς’.
304 2857 355 2923 Ἐν
380 2857 419 2943 δὴ
440 2855 563 2937 τούτοις
586 2849 658 2944 ἧκεν
683 2857 716 2923 ἔκ
741 2859 912 2936 Θετταλίας
931 2860 981 2925 καί
1006 2855 1022 2924 ὅ
1046 2866 1102 2925 τοῦ
1118 2862 1274 2941 βασιλέως

230 3003 273 3062 15.
296 3003 338 3060 Ita
355 3021 420 3059 corr.
438 3001 513 3058 Boia.
532 3021 579 3074 pro
597 3004 799 3075 βεβαιωθεῖσαι
815 3005 982 3074 συμφωνίαι.

158 3123 227 3187 lum,
245 3122 390 3177 nullatenus
404 3123 528 3194 praevisa
545 3123 665 3188 tuerent,
683 3141 731 3177 nec
744 3123 878 3177 humanam
896 3123 924 3175 in
940 3127 1048 3177 mentmn
1063 3139 1175 3192 unquam
1190 3143 1275 3180 vene-

158 3199 226 3246 rant
260 3193 287 3244 Is
302 3193 399 3263 quippe
418 3201 525 3247 eventus
549 3193 616 3255 suit,
639 3201 669 3246 ut
687 3194 827 3264 imperator
846 3191 949 3263 quidem
969 3192 1119 3245 suavissime
1138 3211 1170 3247 ac
1189 3195 1275 3248 libere

159 3262 434 3331 tandemrespiraret,
450 3262 566 3330 illudque
583 3261 634 3314 sibi
654 3279 739 3315 rerum
754 3263 923 3315 secundarum
942 3261 1040 3314 initium
1058 3279 1089 3312 ac
1101 3262 1210 3330 primum
1228 3283 1275 3318 ve·

160 3331 210 3383 luti
223 3331 411 3384 fundamentum
426 3350 484 3384 esse
497 3331 618 3383 duceret:
636 3331 808 3386 Triballorum
822 3336 907 3382 autem
920 3347 966 3382 rex
983 3330 1047 3383 illud
1065 3331 1160 3383 iactum
1173 3331 1276 3386 irasce-

161 3407 248 3463 retur,
264 3417 296 3452 ευ
312 3401 472 3470 poenitentis
486 3400 648 3463 tabesceret,
665 3400 733 3469 quod
748 3417 822 3470 quem
837 3400 864 3451 in
883 3399 998 3452 manibus
1016 3400 1141 3452 habuerat
1161 3419 1211 3470 per
1225 3402 1276 3454 im-

160 3469 322 3538 prudentiam
338 3470 494 3532 dimisisset,
513 3484 658 3537 magnorum
675 3470 897 3522 emolumentorum
911 3468 1068 3522 occasionem
1082 3468 1196 3522 futurum
1210 3472 1275 3535 sibi,

160 3539 217 3590 sive
231 3537 364 3606 imperium
378 3546 405 3590 ot
417 3537 583 3606 pecuniarios
597 3537 696 3591 reditus
708 3555 815 3607 angere,
830 3538 887 3588 aive
899 3538 1062 3589 securitatem
1074 3536 1125 3588 sibi
1139 3536 1166 3589 in
1181 3547 1274 3607 poste·

160 3623 217 3660 rum
231 3605 331 3675 plenam
347 3623 441 3676 parare
459 3605 591 3659 voluisset.
625 3607 714 3674 (vlt.)
737 3607 836 3661 Bellum
856 3606 938 3674 igitur
956 3607 1059 3659 volebat
1081 3622 1136 3658 cum
1156 3624 1187 3659 eo
1213 3626 1274 3661 sus-

160 3675 263 3744 cipere,
289 3682 369 3744 atque
388 3683 478 3744 aperto
497 3674 585 3727 Marte
605 3692 660 3728 eum
680 3675 811 3728 invadere.
847 3675 910 3728 Mox
925 3675 1040 3738 veritus,
1058 3692 1100 3737 ne,
1119 3675 1142 3726 si
1158 3676 1275 3731 iuratum

159 3744 252 3796 foedus
266 3743 336 3812 prior
349 3743 406 3814 ipse
419 3743 538 3807 violaret,
556 3744 583 3795 in
595 3761 687 3797 numen
703 3745 824 3800 infestum
836 3751 926 3814 aperte
941 3743 1101 3806 incurreret,
1119 3760 1204 3813 eoque
1219 3747 1275 3798 cie·

160 3812 202 3864 dis
215 3828 322 3879 magnae
335 3812 476 3883 exemplum
489 3813 573 3876 tieret,
591 3812 697 3884 risuque
709 3813 836 3867 hominum
850 3813 937 3864 statim
951 3813 1123 3883 exciperetur,
1142 3815 1274 3867 continuit

160 3897 189 3932 se
204 3879 231 3931 in
245 3898 384 3962 praesens,
402 3889 428 3934 et
446 3880 534 3934 tacitis
555 3881 755 3950 cogitationibus
774 3883 883 3934 animum
904 3882 1068 3952 consumpsit.
1106 3879 1274 3936 Convenerat

78 3943 86 3962 ⁴
159 3949 227 4001 enim
244 3956 313 4001 anter
327 3956 461 4018 utrumque
477 3949 594 4020 pactione
607 3950 776 4004 iureiurando
791 3951 957 4011 confirmata,
975 3969 1008 4002 ue
1025 3966 1136 4023 unquam
1151 3950 1219 4003 alter
1234 3954 1276 4006 al-

160 4018 210 4070 teri
225 4019 355 4080 obstaret,
373 4018 485 4071 melioris
499 4019 674 4089 cuiuscunque
685 4022 805 4073 fortunae
818 4036 895 4072 causa
910 4018 1053 4072 discedenti
1069 4020 1101 4072 ab
1115 4019 1208 4084 altero,
1225 4025 1274 4075 sod

161 4094 190 4140 ut
204 4087 273 4139 intra
289 4086 425 4140 inviolatos
440 4086 569 4141 amicitiae
586 4088 651 4141 fines
668 4096 813 4143 maceretur
830 4105 946 4157 sempor,
964 4087 1048 4170 iisque
1062 4088 1184 4153 urbibus,
1204 4108 1275 4160 quae

160 4156 322 4223 Byzantinae
335 4156 439 4209 ditionis
454 4163 549 4220 essent,
567 4156 659 4210 liceret
673 4158 706 4213 ad
721 4163 804 4210 utrum
819 4156 917 4210 vellent
929 4174 957 4209 se
973 4158 1114 4226 adiungere
1129 4161 1274 4226 quomodo-

161 4229 271 4294 cunque,
286 4224 342 4276 sive
357 4226 501 4279 voluntaria
513 4225 654 4291 deditione,
668 4227 724 4279 sive
755 4232 871 4295 ostqusm
883 4227 916 4278 ab
930 4227 1056 4279 alterutro
1072 4226 1192 4279 obsessae
1205 4229 1276 4283 fuis-

161 4303 233 4355 sent,
250 4293 289 4346 ita
305 4301 334 4346 ut
353 4294 405 4348 alia
418 4295 463 4348 alii
477 4296 598 4358 cederet,
615 4303 706 4349 neatm
747 4295 797 4351 teri
811 4296 938 4351 obstante.
974 4293 1074 4348 idcirco
1093 4294 1138 4349 iile
1159 4295 1187 4350 id
1202 4300 1276 4371 quod

161 4363 294 4418 acciderat
309 4363 412 4417 silentio
430 4364 526 4433 pressit
542 4380 593 4416 non
611 4365 702 4417 libens.

229 4433 254 4488 6.
277 4431 381 4486 Interea
402 4449 434 4487 ex
455 4432 596 4489 Thessalis
614 4433 720 4490 advenit
742 4437 770 4489 et
788 4433 951 4509 imperatoris
973 4433 1140 4490 consobrinus
1161 4435 1276 4495 loannes
