2798 4754
490 295 851 384 innormans,
1118 316 1214 390 1221

73 471 119 533 rit
134 469 289 532 Iustiniani
307 459 405 551 galea,
427 470 561 533 declarat
576 470 702 533 'l'zetaea
718 469 748 532 in
770 476 850 536 varia
870 475 1005 539 biatoria.
1040 478 1116 542 Vide
1137 482 1215 562 Gyl-

74 558 152 618 lium
175 557 213 616 de
232 560 360 636 Topogr.
380 558 604 636 Cunctantinop.
626 557 732 623 libii,
754 563 927 640 captivit.
959 564 1034 626 Vide
1056 577 1087 628 et
1110 567 1213 647 Augu-

72 643 186 704 eteonia
211 642 666 723 Ecpbraaiu'Pacbymeriauam.
708 665 820 712 aorvrr.

163 733 234 808 Pag.
255 732 333 804 276,
354 734 405 794 20.
449 729 512 791 Καὶ
527 725 560 791 td
572 725 696 807 uiuenti
714 734 817 806 κίονος
832 732 944 814 μῆκος]
964 734 1211 798 bondelmontiut

72 813 317 894 septingentorum
334 815 496 875 cubitorum
513 814 601 873 altam
618 816 705 876 facit:
727 818 759 875 id
778 820 858 896 quod
878 819 1052 882 incredibile
1068 831 1121 884 eat.
1150 824 1210 882 Le-
1316 842 1317 845 ’

75 898 206 976 gendum
224 899 332 979 procul
348 899 459 976 dubio,
479 901 664 981 septuaginta
682 900 855 967 cubitorum.
901 906 1050 983 Gregorae
1070 927 1132 967 eam
1153 929 1209 969 noa

72 1003 111 1043 ex
122 982 231 1042 umbra
248 983 347 1043 metiri
360 985 456 1062 iubet,
478 984 562 1064 quaai
576 1005 647 1044 vero
663 986 694 1046 id
708 1007 763 1046 noa
779 989 877 1048 facere
893 991 1044 1070 poeaimua
1057 989 1117 1052 hoc
1131 1002 1209 1053 tem·-

70 1088 165 1149 pore,
194 1088 262 1127 cum
281 1089 338 1128 nec
359 1071 513 1148 veatigium
534 1069 654 1149 quidem
680 1073 742 1132 eiua
766 1074 920 1136 columnae
943 1076 1035 1135 ulium
1059 1088 1205 1156 aupereat.

71 1153 188 1226 Quodai
203 1154 361 1213 etiamnum
377 1164 470 1216 ataret
490 1154 620 1232 integra,
641 1177 698 1216 nec
718 1159 762 1218 aie
784 1159 905 1238 quidem
928 1182 991 1221 eam
1012 1163 1112 1223 metiri
1133 1162 1207 1242 bipc

67 1258 243 1319 portemur,
264 1249 300 1299 ut
312 1239 437 1300 Wolfiue
453 1251 534 1300 recte
548 1241 579 1300 in
597 1243 728 1320 margine
743 1254 874 1305 annotat.
916 1268 1030 1309 actvm.

155 1344 229 1422 Pag·
250 1347 323 1418 277,
343 1342 373 1407 4,
420 1338 461 1406 Τό
476 1340 509 1406 di
520 1328 619 1423 μῆκος
631 1339 757 1408 ἑκάστου
772 1342 938 1429 δακτύλου]
961 1349 1055 1425 Queri
1067 1370 1141 1411 vero
1155 1350 1205 1411 di-

68 1424 201 1504 gitornm
213 1428 344 1487 omnium
360 1426 461 1488 eadem
475 1439 553 1489 estet
567 1428 732 1508 longitudo.
774 1453 888 1494 totvm.

156 1531 229 1611 Pag.
251 1535 330 1607 277,
353 1535 402 1594 12.
449 1525 490 1594 Td
511 1527 544 1594 di
565 1534 619 1612 τῆς
640 1527 758 1613 κνήμης
777 1537 834 1596 rori
857 1528 950 1607 oodric
971 1529 1068 1597 adeat
1086 1528 1203 1616 πάχος]

1 1658 3 1683 2
66 1613 153 1688 Quid
169 1616 207 1673 sit
227 1612 327 1695 κνήμη
345 1619 401 1676 τοῦ
414 1613 508 1691 ποδός
526 1636 585 1683 non
608 1618 678 1677 eatis
698 1618 809 1698 liquet,
830 1620 887 1678 nisi
904 1621 942 1679 eit
958 1639 991 1679 ea
1011 1641 1081 1700 para
1101 1621 1201 1697 tibiae,

63 1720 145 1779 quae
159 1700 194 1758 ad
214 1699 320 1779 pedem
339 1700 477 1779 proxime
498 1701 626 1772 accedit,
647 1714 676 1762 et
697 1713 742 1764 eet
761 1705 890 1778 maxime
909 1705 1039 1784 gracilia.
1084 1706 1204 1766 Dicitur

62 1795 97 1844 ct
110 1783 291 1846 dehomine.
335 1785 385 1844 Sic
405 1785 484 1866 apud
503 1788 635 1847 Nicetam
655 1788 687 1847 in
708 1781 889 1867 fragminto,
912 1792 994 1869 quod
1008 1789 1056 1850 vir
1076 1791 1199 1854 doctina.

59 1866 109 1929 lo.
130 1870 274 1930 Ernestua
292 1871 419 1934 Grabiua
440 1893 555 1932 mecum
570 1871 780 1934 humanissime
797 1875 1043 1960 communicavit,
1073 1877 1201 1937 rimula·

63 1975 153 2015 crum
172 1955 327 2031 Herculia,
349 1956 556 2037 aLyaimacbo
571 1957 680 2032 efficti,
703 1960 816 2018 dicitur
836 1962 928 2021 fuisse
951 1955 1030 2024 odrae
1052 1960 1199 2044 μέγιστον,

62 2039 110 2114 οἷς
123 2035 180 2120 τήν
194 2047 390 2124 περτελοῦσαν
408 2038 463 2104 τᾶν
482 2036 577 2105 αὐτοῦ
590 2037 740 2124 ἀντίχειρα
760 2039 914 2127 μήρινθον
935 2046 978 2119 εἰς
990 2040 1163 2126 α’νδρεῖονζ
1186 2089 1199 2099 -
1271 2070 1275 2079 ·

62 2130 163 2207 arripe
190 2125 394 2203 ἕκτείνεσθαι,
434 2125 486 2189 eat
513 2123 570 2210 τήν
595 2123 714 2210 κνήμην
736 2133 793 2193 τοῦ
815 2126 911 2204 ποδδς
936 2131 979 2205 εἰς
999 2124 1198 2216 ἆνόρόμηκες.
1277 2183 1279 2190 .
1312 2134 1315 2144 ’

53 2230 176 2273 aorvut.
1262 2242 1267 2252 .

148 2299 218 2378 Peg·
240 2301 318 2371 277,
341 2296 390 2362 15.
438 2301 505 2360 Teia
521 2292 643 2361 ἄνωθεν
665 2295 698 2361 ἐκ
712 2303 849 2381 Σηρικής
867 2297 1087 2380 κομιζομένων]
1110 2300 1198 2360 Wol-

54 2379 116 2441 iiua
129 2401 189 2440 nou
209 2383 354 2461 expremit
368 2381 543 2442 adverbium
563 2379 697 2448 ductito.
725 2385 788 2463 Ego
807 2385 844 2445 ad
869 2385 1060 2465 praeteritum
1078 2394 1198 2463 tempus

54 2467 235 2544 retuleram,
258 2477 348 2546 atque
362 2468 404 2528 ita
418 2478 576 2544 verteram,
598 2470 650 2552 qui
668 2493 684 2528 e
697 2466 799 2530 Serum
815 2473 930 2551 regione
945 2466 1015 2529 olim
1031 2468 1196 2554 affereban-

54 2567 116 2612 tur.
158 2553 246 2611 Nunc
259 2552 319 2611 loci
335 2553 508 2615 adverbium
523 2575 586 2615 esee
603 2554 757 2628 existimo,
781 2565 810 2615 et
830 2555 874 2615 cic
894 2555 1096 2635 interpretor,
1118 2556 1198 2636 quie

55 2634 162 2697 Serum
179 2640 294 2717 regione
307 2635 417 2700 devecti
430 2638 488 2700 huc
506 2637 692 2700 descendunt.
738 2639 824 2714 Quae
843 2640 881 2700 ab
894 2642 1017 2701 Oriente
1032 2639 1195 2700 affereban-

55 2732 127 2798 tur,
150 2743 183 2783 ea
197 2724 335 2801 Byzantii
355 2721 477 2788 ἄνωθεν
492 2724 592 2785 afferri
608 2724 761 2795 dicebant3
785 2747 862 2805 quae
882 2726 919 2785 ab
935 2726 1117 2801 Occidente,
1141 2721 1195 2788 uoi-

52 2815 164 2871 τωθεν.
206 2808 256 2867 sic
270 2808 348 2868 idem
365 2809 511 2889 Gregoraa
533 2812 565 2869 in
584 2810 781 2891 inscriptione
802 2812 946 2892 epistolae
960 2814 998 2871 ad
1012 2812 1194 2892 Pepagoma-

51 2915 138 2969 nom,
160 2891 229 2975 περὶ
250 2897 311 2956 τῶν
332 2894 490 2958 tiemone
511 2889 593 2980 edroi
613 2900 836 2978 τερατολογιῶν,
857 2892 917 2959 τῶν
939 2893 1139 2978 μὲνᾶνωθεν
1159 2895 1193 2958 ἐκ

56 2983 295 3063 Τραπεζοῦντος*
314 2984 376 3043 τῶν
397 2977 430 3043 di
450 2977 589 3045 κάτωθεν
610 2980 641 3058 ἐξ
660 2975 792 3055 Ἰταλίας.
823 2981 900 3044 Vide
919 3003 988 3062 pag.
1005 2985 1078 3047 276.
1100 3001 1192 3062 cupra

46 3064 189 3141 iamarg.
229 3066 344 3125 notua.

133 3146 259 3209 Ibidem.
295 3151 362 3210 Non
376 3148 571 3210 omittendum
582 3146 643 3210 hoe
657 3147 727 3209 loco
740 3148 773 3209 id
785 3149 869 3230 qnod
883 3160 987 3212 namet
999 3151 1104 3211 Petrua
1117 3146 1191 3227 Gyl-

46 3234 125 3311 liua,
149 3233 342 3315 Topograph.
360 3235 622 3316 constantinopol.
640 3233 695 3295 lib.
714 3235 750 3295 11.
774 3256 839 3316 cap.
853 3236 950 3297 xvlt.
977 3232 1124 3309 Barbari,
1145 3234 1191 3291 in-

44 3323 134 3403 quit,
166 3322 248 3380 omni
267 3343 350 3381 aereo
370 3322 491 3395 vertitu,
512 3334 540 3379 et
556 3340 646 3403 equo,
671 3333 698 3378 et
717 3334 818 3380 statua
838 3318 1008 3381 columnam
1031 3319 1191 3378 Iustiniani

39 3403 232 3491 cpoliorunt,
254 3402 425 3488 aliquotque
437 3427 531 3466 annot
547 3402 628 3464 nuda
642 3406 791 3467 remansit.
841 3402 971 3465 Tandem
984 3418 1052 3464 ante
1067 3403 1189 3483 triginta

38 3511 146 3552 annos
160 3512 256 3548 euerso
272 3504 313 3548 eat
332 3504 396 3551 tota
413 3512 447 3549 ua
469 3514 502 3548 ue
523 3485 566 3547 ad
585 3486 775 3567 stylobatam,
799 3511 883 3571 quem
903 3511 983 3549 anno
998 3489 1145 3569 superiore
1156 3485 1188 3566 ⁸¹)

28 3573 189 3658 funditus
201 3571 265 3634 aidi
278 3572 423 3635 exscindi
448 3512 534 3635 idem
549 3574 640 3654 paulo
653 3573 747 3648 iufra,
768 3570 935 3656 Equestrem
950 3570 1111 3633 lattiniani
1126 3586 1186 3632 tta·

32 3678 146 3735 tuam,
175 3681 264 3741 quam
281 3656 371 3720 modo
395 3657 466 3720 attat
482 3681 574 3741 supra
599 3658 677 3718 hanc
700 3654 869 3719 columnam
884 3655 981 3740 sirim
997 3655 1186 3730 collocatam,

28 3759 195 3807 cervarum
212 3741 263 3803 diu
279 3745 311 3804 in
325 3741 455 3806 chaeno
474 3746 547 3824 regii
563 3741 697 3818 Palatii,
722 3739 873 3822 deportari
889 3766 980 3823 nuper
1000 3740 1064 3802 uidi
1081 3745 1112 3802 in
1136 3764 1186 3803 ea-

25 3833 158 3901 minoe,
180 3825 286 3910 quidue
305 3825 427 3889 metalla
438 3825 616 3914 funduntur
633 3829 664 3887 in
682 3826 834 3887 machinae
855 3824 992 3902 bellicae,
1017 3829 1186 3908 interque«

23 3928 108 3976 (τοι
129 3909 291 3973 Iustiniani
308 3936 376 3974 crue
393 3915 570 3994 proceritate
589 3934 682 3972 meam
703 3926 846 3972 etaturam
862 3935 1017 3992 ruperant,
1047 3927 1075 3971 et
1091 3932 1181 3969 natue

30 3995 196 4060 dodrante
208 3994 332 4079 longior.
379 3996 474 4056 Crura
490 3999 559 4081 equi
570 3995 614 4056 ad
629 4012 735 4057 terram
754 3997 888 4077 proiecta
903 3998 1001 4056 metiri
1018 4017 1077 4056 non
1089 3995 1182 4075 potui.

25 4079 137 4147 Pedia
154 4080 294 4162 ungulam
311 4105 425 4143 mentua
444 4105 508 4141 eum
527 4079 654 4156 occulte,
676 4096 703 4140 et
724 4078 898 4161 deprehendi
918 4075 1106 4140 dodrantalie
1125 4100 1184 4138 cate

26 4161 223 4230 altitudinis.
265 4166 384 4246 Gylliua
402 4187 506 4226 exona
522 4167 617 4247 ipaiua
631 4176 745 4227 statura
762 4165 977 4226 aestimandum
991 4162 1078 4223 nobit
1092 4162 1181 4223 relin-

113 4314 145 4384 ‘)
161 4314 236 4371 Haec
251 4315 351 4389 κείμὴ
367 4324 428 4371 tunt
442 4315 549 4372 circiter
564 4316 677 4372 ancbr.
694 4318 771 4374 1550.
806 4328 908 4371 totvm.
