2722 4778
704 184 721 223 .

272 334 510 407 nrsuonnn
530 336 812 412 nrznnnunan
828 329 994 413 νοιοιο.
1071 301 1171 409 ιὀοο
1194 388 1197 393 .

66 512 148 582 ταν,
170 491 318 581 σύνθεσιν
337 497 449 568 ἐννοεῖν
463 496 484 587 ή
498 499 676 589 διαφοράν,Ι
697 498 778 588 πλὴν
799 498 960 585 ὀνομάτων
971 497 1086 586 μίτον,
1111 501 1167 573 ού-
1183 525 1211 577 Δ.
1224 525 1331 588 (21351

66 605 139 679 σίας
161 628 194 669 τε
214 606 265 668 καί
285 599 464 688 βουλήσεως
484 606 537 669 καί
556 601 716 688 δυνάμεως
734 606 785 671 καί
798 606 877 690 ζωῆς
886 608 942 675 καὶ
963 608 1094 694 σοφίας,
1115 596 1332 722 χαιῐῦζοῑηογῦἕῦ·

66 702 175 782 ἅπλῶς
190 705 337 792 ἐνεργείας
351 702 482 792 άπάσης.
519 704 622 794 ὥσπερ
639 706 698 795 γάρ
718 706 826 791 ἐπίσης
838 711 965 776 δίδωσιν
984 706 1002 777 δ
1020 710 1099 789 θεδς
1112 711 1196 785 τίν-Β

66 809 171 891 σεβίσι
192 811 242 874 καί
264 807 425 892 άσεβίσιν,
451 808 582 894 Ἕλλησί
592 835 624 877 τε
637 813 688 876 καί
706 808 898 899 βαρβάροις,
922 813 974 879 καί
990 811 1168 901 συλλήβδην

44 917 162 978 tndem
173 909 295 977 ἔθνεσιν
310 914 401 978 εἰπεῖν
409 960 420 993 ,
445 911 578 999 ούρανδν
592 915 643 979 κοί
656 919 732 998 γῆν,
756 913 833 1000 άίρα
846 940 879 981 τε
892 917 943 980 καί
956 911 1056 998 ύετδν,
1077 915 1166 1003 ήλιάν
1181 921 1215 976 V·
1228 922 1281 980 556
1349 993 1353 997 ,

63 1039 98 1080 τε
114 1015 166 1079 καὶ
179 1011 326 1099 σελήνην,
348 1018 399 1080 καί
410 1014 582 1101 τάναγκαῖα
597 1014 717 1083 πάντα·
739 1014 821 1083 οὕτω
834 1021 886 1083 καί
903 1017 977 1095 τούς
990 1024 1054 1085 τῶν
1067 1019 1165 1109 ἄναγ-

63 1118 160 1183 καίοιν
186 1123 301 1200 τεχνῶν
321 1113 455 1194 κανόνας
471 1119 578 1205 ίπίσης
597 1119 761 1207 παρέχεται
781 1125 893 1201 πᾶσιν,
920 1117 1091 1209 ὁμοφύλοις
1112 1127 1164 1189 καί

63 1216 263 1306 ἀλλοφύλοις.
291 1219 328 1286 ού
341 1221 399 1307 γάρ
414 1220 493 1306 άλλη
505 1223 563 1305 μέν
577 1218 598 1307 ή
613 1222 768 1307 τεκτονική
784 1221 861 1307 παρ’
879 1221 1005 1309 Ἕλλησι
1020 1222 1193 1312 στάθμηῖ·
1311 1296 1313 1300 ,

62 1323 152 1406 παρὰ
174 1321 315 1399 Σκύθαις
339 1323 374 1389 δ’
394 1322 491 1409 άλλη·
518 1327 569 1391 καί
588 1322 718 1411 Μήδοις
735 1327 787 1391 καί
805 1325 945 1414 Πίρσαις
965 1321 1089 1411 δμοίως.
1125 1330 1162 1396 ού

19 1424 128 1509 λομήν
151 1424 224 1491 oaldi
243 1432 300 1492 τοῦ
320 1437 460 1513 γεωργεῖν
475 1429 526 1493 καί
547 1438 733 1514 κυνηγετεῖν,
754 1430 805 1494 καί
822 1435 886 1495 τῶν
899 1425 1065 1513 τοιούτων,
1093 1434 1164 1498 δια-

61 1524 159 1615 φορά.
201 1527 281 1594 ἀλλὰ
301 1535 358 1613 τῆς
378 1532 549 1616 θρησκείας
578 1528 801 1619 διαφερούσης,
835 1530 875 1599 τά
899 1537 958 1617 τῆς
978 1531 1085 1620 τίχνης
1104 1533 1164 1619 ’ίχει

61 1628 241 1718 συνάφειαν.
269 1629 352 1699 orico)
363 1633 398 1699 δέ
410 1632 484 1699 adul
497 1641 554 1720 τῆς
566 1637 684 1719 λεξικής
699 1631 869 1720 ἐπιστήμης
882 1634 965 1702 ἐστίν
979 1632 1066 1728 δρᾷν.
1092 1637 1162 1706 ὅσοι

7 1808 9 1811 .
59 1734 118 1817 μέν
146 1732 206 1821 γάρ
229 1739 268 1821 τῇ
297 1733 378 1823 αὐτῇ
405 1736 566 1824 κέχρηνται
592 1737 760 1828 διαλίκτφ,
792 1745 832 1826 τῇ
855 1743 919 1805 τῶν
948 1737 1080 1826 κρεάτων
1110 1741 1163 1806 εύ-

61 1833 296 1922 δοκιμησάντιον
317 1834 469 1924 ὁμογενῶν
486 1834 639 1926 ἐπιστήμη
659 1842 710 1906 καί
731 1840 823 1928 τίχνη
841 1837 973 1918 τούτους
988 1848 1161 1930 κεχρῆσθαι
1176 1845 1208 1904 1³·
1222 1849 1276 1909 690

20 1949 54 2005 15
57 1938 159 2024 χρειδν
166 1988 177 2020 ,
208 1941 356 2018 Φοίνικας
369 1941 446 2028 λίγω
460 1943 510 2007 καί
523 1942 651 2027 Πέρσας
667 1943 718 2007 καὶ
732 1940 923 2029 Ἀσσυρίους.
948 1946 1001 2009 καὶ
1015 1947 1070 2011 ‘ivo
1087 1946 1163 2026 τοδς

58 2041 175 2118 ἄλλους
196 2043 420 2129 παρέλθωμεν,
445 2047 495 2111 καί
517 2041 625 2111 induco
644 2049 684 2132 τῇ
699 2040 823 2111 Ἑλλάδι
842 2045 1003 2132 κίχρηνται
1021 2043 1159 2137 γλάσση,

58 2141 178 2230 ἀνάγκη
200 2148 251 2210 καί
270 2143 393 2223 τούτοις
408 2153 448 2234 τῇ
466 2153 530 2213 τῶν
551 2145 694 2233 άρχηγιῖιν
706 2152 764 2232 τῆς
783 2143 929 2233 εύρίσειος
945 2154 1088 2234 χρῆσθαι
1102 2177 1160 2233 με-

57 2245 150 2337 θόδῳ
165 2249 215 2313 καί
226 2248 327 2338 τέχνη,
351 2246 496 2336 καθάπερ
512 2248 643 2338 στάθμη
655 2250 725 2330 τινί,
748 2249 777 2315 εί
786 2248 832 2335 μή
847 2246 994 2333 βούλοιτό
1007 2275 1054 2328 τις
1067 2257 1160 2320 πλείω

57 2353 235 2431 σολοικίζειν
253 2350 274 2435 ἢ
297 2352 500 2440 φθίγγεσθαι.
537 2351 555 2419 ὃ
571 2351 611 2438 δή
628 2353 680 2417 καί
698 2349 855 2443 Ἰουλιανῷ
877 2358 921 2442 τῷ
937 2354 1083 2435 δυσσεβεῖ
1103 2361 1161 2440 λη-

19 2455 145 2543 tuente
163 2454 211 2519 ἐπί
236 2460 311 2520 νοῦν
334 2449 478 2539 ἐμποδιδν
498 2465 564 2532 τοῖς
580 2454 740 2538 εύσεβοῦσι
755 2460 864 2540 στῆναι
877 2454 1015 2523 πέπεικεν
1019 2505 1031 2537 ,
1051 2452 1160 2541 Ἐλλη-

56 2566 153 2634 νικοῖς
168 2557 376 2645 ῥυθμίζεσθαι
391 2554 494 2646 λύγοις
507 2557 564 2644 τήν
577 2563 727 2643 γλῶτταν.
745 2554 844 2641 μόνον
857 2563 915 2645 τῆς
929 2559 1056 2645 ἐκλογῆς
1064 2556 1186 2647 ύγιιδςυ

55 2659 225 2727 δνθεκτίον
240 2661 375 2742 ἐκεῖθεν,
397 2661 544 2728 καὶκατὰ
565 2658 622 2747 τήν
642 2662 757 2746 ἐμμελῆ
771 2685 805 2727 τε
820 2664 872 2728 καί
893 2659 1075 2748 ἐναρμόνιον
1093 2669 1157 2730 τῶν

56 2760 152 2851 ἆγίιον
166 2759 254 2847 ήμῶν
268 2766 460 2852 συμφωνίαν.
486 2757 506 2851 ἦ
522 2762 581 2852 γάρ
595 2763 651 2830 οὐκ
666 2762 707 2832 δν
719 2759 841 2853 φθάνοι
851 2761 1014 2853 ταράττων
1033 2764 1074 2832 τά
1094 2762 1156 2832 πά-

55 2898 100 2948 ter
113 2892 298 2955 σπουδασάτω,
316 2898 344 2946 et
359 2893 533 2958 voluntatem,
550 2893 700 2964 potentiam,
717 2893 807 2956 uitam,
823 2891 985 2964 eapienticm,
1001 2899 1030 2947 et
1042 2899 1074 2947 ut
1087 2910 1156 2948 aum·

55 2963 145 3017 matim
164 2961 263 3027 dicem,
280 2978 378 3015 omnem
397 2980 412 3015 o
431 2964 587 3026 emtionem,
604 2963 743 3032 excogitet.
783 2962 1000 3026 Quemadmodum
1019 2963 1085 3015 enim
1104 2963 1155 3032 piie

55 3050 140 3101 aeque
158 3048 191 3084 ac
207 3031 307 3100 impiis,
325 3031 436 3086 Greecra
449 3040 477 3086 et
490 3032 616 3096 barbarie,
634 3040 663 3084 et
676 3032 723 3099 (ut
733 3047 784 3085 nno
796 3033 877 3086 verbo
891 3032 1046 3103 complectet
1057 3031 1155 3099 omnia)

54 3100 179 3171 gentibue
190 3101 321 3162 omnibna,
338 3100 451 3165 caelum,
468 3107 579 3164 arrum,
595 3104 673 3165 cern,
691 3100 805 3164 imbrem,
821 3101 908 3167 colem,
925 3101 1018 3165 lunam,
1031 3107 1060 3153 et
1072 3099 1157 3154 omula

55 3169 221 3234 necessaria,
240 3171 310 3224 Dece
323 3169 430 3235 tribuit3
447 3169 486 3221 aio
500 3177 528 3223 et
541 3171 745 3224 necenariarum
757 3168 862 3240 regulae
876 3169 968 3223 artium
984 3167 1114 3238 indigenic
1128 3174 1156 3222 et

54 3238 209 3308 alienigenis
226 3236 371 3309 aequaliter
386 3238 500 3292 ornnibm
515 3239 628 3293 exhibet.
662 3240 730 3293 Nam
749 3255 765 3291 n
799 3255 833 3292 ue
851 3237 952 3291 fabrilia
971 3253 1060 3291 norma
1077 3244 1105 3292 et
1122 3236 1157 3290 ll-

54 3308 124 3361 bella
142 3308 194 3360 alia
215 3315 256 3360 eet
277 3306 346 3377 apud
370 3308 505 3373 Graecos,
523 3315 550 3362 et
563 3308 615 3360 alin
634 3307 704 3379 apud
721 3308 775 3378 Scy
806 3323 850 3370 τις
874 3323 957 3378 neque
975 3305 1044 3388 aqud
1063 3303 1156 3367 Medon
1242 3335 1258 3380 q

55 3377 127 3442 alia,
144 3383 173 3430 et
186 3376 238 3429 alia
251 3377 312 3430 item
326 3377 396 3446 apud
410 3378 518 3441 Penas,
535 3393 620 3447 neque
633 3376 806 3447 agriculturae
818 3380 863 3429 eut
875 3374 1033 3438 venativum,
1049 3378 1078 3426 et
1091 3373 1157 3427 alio-

55 3462 114 3499 rum
130 3445 290 3510 huinemodi,
307 3446 359 3499 ulla
372 3452 414 3500 eat
426 3445 494 3516 apud
507 3448 554 3499 hoe
568 3463 655 3499 omnen
672 3445 835 3499 differentiae
852 3445 899 3497 sed
911 3441 968 3497 cum
981 3442 1085 3497 diversa
1095 3461 1156 3497 aeu-

55 3515 125 3568 uiant
141 3514 175 3567 de
187 3515 326 3584 religione,
343 3515 371 3569 in
385 3515 484 3569 artlbm
498 3515 660 3569 conveniunt
682 3514 753 3568 Idem
766 3511 856 3567 videaa
872 3511 899 3565 in
914 3529 944 3566 ea
958 3511 1076 3576 edentia,
1088 3528 1156 3583 quae

54 3582 128 3637 circa
139 3584 266 3637 uocabula
281 3593 309 3637 et
326 3583 454 3638 dictione·
474 3593 600 3641 vereatur.
639 3584 676 3637 Ee
693 3600 755 3637 vero
775 3581 920 3652 quicunque
939 3580 1051 3635 dialecto
1065 3582 1157 3636 eadem

54 3658 180 3717 utuntur,
197 3652 218 3705 il
230 3653 366 3722 primorum
380 3671 396 3706 a
412 3669 459 3706 cua
472 3662 567 3722 geute,
585 3658 613 3707 at
625 3652 809 3724 pneumatium
821 3649 950 3704 vernaculi
968 3650 1091 3704 sermonis
1107 3666 1156 3703 au·

54 3728 155 3775 ntorum
172 3721 283 3776 ecientia
296 3731 324 3775 et
340 3730 397 3776 arte
411 3729 520 3776 utantur
536 3730 655 3793 oportet,
673 3719 813 3774 Phoenicen
825 3718 959 3789 intelligo,
976 3719 1085 3783 Persae,
1104 3723 1156 3772 Αι-

54 3790 149 3859 εγτῖοε.
176 3791 227 3856 Et,
245 3798 275 3844 ut
286 3798 403 3845 caetero·
417 3791 546 3856 omittam,
563 3798 636 3845 carte
650 3789 721 3860 apud
736 3805 902 3860 quoscunque
914 3789 1034 3843 Graecae
1048 3788 1155 3856 linguae

54 3875 119 3913 um
133 3864 183 3925 eat,
200 3861 221 3913 ii
237 3859 381 3914 methodum
394 3866 423 3914 et
437 3868 519 3914 artem
532 3876 627 3924 eorum,
644 3860 689 3929 qui
700 3858 799 3929 reperti
812 3856 958 3912 Graeoicmi
970 3859 1050 3913 ducac
1062 3863 1097 3911 et¹
1106 3873 1155 3909 au·

55 3936 144 3983 ctare·
156 3931 274 3994 luerunt,
292 3929 439 3983 neccarario
452 3928 526 4000 nequi
538 3929 643 3993 debent,
660 3927 732 3981 velut
743 3927 861 3981 annuerim
875 3926 1017 3997 quondm,
1033 3925 1083 3979 nial
1095 3924 1156 3994 plu-

54 4014 99 4053 ree
120 3999 148 4052 in
171 3999 299 4069 loquendo
317 3999 479 4053 soloeciamor
497 4015 574 4069 quam
593 4014 673 4051 rooea
693 3998 810 4068 prolerre
822 3995 959 4051 voluerint.
1001 3992 1078 4058 Quod
1097 4008 1154 4044 cum
1180 4056 1183 4062 1

54 4066 155 4121 luliaco
170 4069 249 4138 impio
264 4073 399 4138 aportatoe
417 4067 445 4121 in
460 4073 569 4122 mentem
586 4066 716 4131 venisent,
731 4064 784 4137 lpai
794 4064 877 4121 munit
889 4071 920 4120 ut
932 4063 983 4134 ρίἱε
997 4059 1155 4144 Curictienia

54 4136 216 4192 Greecarum
234 4136 378 4191 litterarum
397 4136 499 4201 atndia,
534 4137 609 4190 οἰδα·
627 4135 738 4204 linguam
752 4134 790 4189 illi
803 4151 875 4188 marn
886 4136 1056 4194 exornarent,
1072 4135 1156 4183 rnter·

54 4205 165 4260 diceret.
200 4206 231 4259 ld
245 4223 320 4260 ouum
334 4207 377 4259 hie
389 4206 503 4259 notarie
527 4223 576 4272 rm,
594 4213 625 4260 ut
637 4221 726 4275 nempe
741 4205 905 4288 profanorum
919 4201 1063 4254 litterarum
1082 4198 1155 4252 dele·
1199 4260 1202 4274 .

53 4281 113 4330 etna
134 4282 207 4329 reete
227 4276 368 4338 habeatur,
390 4274 463 4328 iuxta
480 4282 662 4345 congruentem
679 4282 708 4327 et
727 4273 864 4344 prierimarn
883 4276 1028 4324 cunctorum
1047 4269 1155 4322 Petrum

53 4335 1156 4417 coccord‘umaalioquliemiamunmqnlequeandquectaecrucoledeadcqme·
