2768 4748
166 257 265 329 1310
559 250 917 324 ANNOTATIONES.

167 422 274 498 suisne,
295 432 328 480 stt
341 409 452 479 netum
468 409 604 498 quidm,
626 436 693 475 eum
708 411 840 474 inditum
856 411 1060 473 monosticum
1075 402 1233 483 induisset,
1249 429 1300 467 sss·

168 509 257 592 gistri
269 500 384 588 proditi
398 502 508 562 crimen
527 496 622 559 solius
645 497 741 560 Iudae
750 500 905 582 propriam
926 519 988 558 esse
1005 492 1145 555 uoluerit.
1167 513 1272 553 uosvis.

257 596 330 670 Peg.
353 588 452 660 1050,
476 588 526 650 19.
572 589 640 646 Τοῐν
665 587 888 666 πατριαρχικοόν
914 576 1092 665 όρχόντων]
1125 579 1203 640 Vide
1230 580 1308 640 Gosn'

171 675 339 752 Eueholog.
355 691 422 753 pag.
435 673 509 738 268.
525 679 631 749 etseq.
662 690 844 736 carraaons.

131 793 133 796 ·
258 759 333 840 Peg.
356 757 456 834 1058,
485 755 515 820 4.
563 760 630 817 Τῶν
652 750 931 840 ἀνδριαντοποιῶν]
969 751 1020 812 sic
1044 770 1141 831 supra
1164 750 1217 813 lib.
1240 752 1310 814 11111.
1371 797 1376 824 ,

175 867 241 927 cap.
256 846 280 908 1.
296 852 369 903 sert
384 843 415 908 4.
459 860 639 902 clamore.
1357 829 1376 894 al

264 934 334 1009 Peg.
359 923 459 999 1054,
482 930 511 990 9.
558 921 630 989 Τότε
651 920 764 1008 μακρός
780 948 826 1000 τις
846 926 961 1008 γίνεται
978 925 1038 985 τοῦ
1060 914 1219 1001 παρόντος
1237 917 1314 1003 λόγον

174 1010 282 1099 λόγος]
305 1015 372 1074 Νοη
391 1013 471 1071 omni
487 1011 659 1090 suspicione
674 1012 774 1073 mendi
789 1022 871 1072 caret
887 1008 937 1069 hic
953 1008 1053 1068 locus.
1096 1008 1215 1066 Forsan
1230 1008 1317 1085 legeu-

178 1103 249 1161 dum
265 1094 331 1162 τότε
345 1093 383 1177 δὴ
403 1091 509 1178 μικρός
524 1119 570 1170 τις
583 1121 611 1159 n.
631 1103 657 1160 λ.
682 1118 741 1178 qna
763 1098 894 1157 lectione
917 1093 1046 1154 admisse
1068 1103 1239 1171 verterem,
1259 1109 1318 1155 taso

178 1185 298 1247 liuiusee
311 1181 387 1245 dieti
400 1179 483 1242 nullo
493 1179 595 1266 ferme
612 1185 688 1243 ratio
708 1179 845 1243 habenda
860 1196 912 1242 est.
955 1198 1145 1238 cannonis.

267 1274 337 1351 Peg.
363 1270 460 1344 1055,
484 1272 535 1333 19.
578 1263 664 1356 Aion
688 1262 747 1351 γόρ
773 1267 834 1331 ἐστι
854 1262 889 1329 τό
912 1268 1034 1343 πνεῦμα
1052 1260 1087 1326 τό
1110 1259 1221 1347 ἅγιον]
1245 1260 1321 1326 Hae

179 1358 255 1421 enim
269 1354 369 1435 gratio
390 1367 433 1412 est
454 1350 585 1434 Spiritus
598 1369 732 1431 sonetus3
754 1353 859 1427 idest,
882 1351 955 1411 hsec
969 1349 1065 1427 gratia
1080 1359 1115 1409 et
1132 1350 1270 1428 operatio
1286 1371 1321 1407 ss.

181 1441 288 1501 crisin
304 1437 472 1520 Scripturis
494 1438 615 1498 nomine
636 1443 734 1499 sancti
757 1438 887 1519 Spiritus
904 1435 1090 1512 designatur.
1138 1435 1225 1495 Unde
1246 1435 1322 1495 intest

181 1526 317 1589 Palasnns
331 1523 447 1585 hancce
461 1525 587 1602 gratiam
602 1545 664 1585 non
686 1545 749 1586 esse
767 1524 841 1603 quid
858 1531 1000 1584 creatum.
1045 1520 1146 1580 Addit
1165 1530 1263 1580 tamen
1277 1520 1321 1580 hu

181 1608 315 1673 iusmodi
338 1610 463 1688 glutiam
485 1629 546 1668 non
573 1630 637 1670 esse
657 1613 815 1691 ipsammet
839 1609 934 1671 sancti
959 1605 1095 1685 Spiritus
1124 1607 1321 1667 substantiam.

184 1697 269 1770 Quae
283 1696 342 1754 duo
358 1694 512 1754 conciliari
527 1694 583 1777 vig
602 1717 691 1776 posse
706 1696 866 1771 videntur,
888 1692 945 1753 nisi
964 1692 1164 1752 advertamus
1180 1715 1197 1751 s
1211 1693 1322 1751 Palani-

184 1782 223 1841 tis
238 1780 383 1840 admissas
404 1799 468 1839 esee
488 1779 646 1840 inferiores
660 1782 804 1861 quasdem
820 1780 967 1854 Deitates,
990 1797 1070 1857 quae
1093 1779 1190 1838 Deum
1209 1780 1323 1837 interet

185 1875 340 1926 creaturas
365 1864 497 1924 medium
522 1864 623 1925 locum
646 1876 794 1928 tenerent.
838 1865 954 1926 Nostris
982 1864 1109 1943 quidem
1138 1885 1156 1924 e
1191 1863 1323 1940 theologis

186 1952 294 2015 Petrus
314 1949 509 2025 Lombardus‚
532 1951 673 2028 magister
687 1951 909 2026 sententiarum,
932 1949 1065 2028 negavis,
1090 1950 1192 2008 sancti
1211 1950 1323 2029 Spiritus

187 2037 314 2114 gratiam
330 2056 395 2096 esse
412 2034 567 2115 quidpiam
585 2047 733 2098 creatum:
758 2037 811 2098 sed
827 2037 916 2098 simul
931 2034 1085 2095 statuebat
1103 2035 1195 2094 istam
1216 2038 1324 2114 gratian
1375 2039 1377 2056 '

188 2141 243 2182 sou
266 2119 442 2182 charitatem
465 2141 529 2181 esse
550 2122 714 2202 ipsummet
736 2124 880 2205 Spiritum
905 2131 1060 2194 sanctum,
1096 2119 1202 2199 ipsum
1232 2125 1323 2180 iteum:

191 2226 267 2286 quae
287 2217 385 2268 tamen
404 2207 548 2268 sententia
564 2206 602 2266 ab
623 2209 760 2268 omnibus
776 2209 918 2288 deinceps
933 2205 1086 2281 theologis
1100 2206 1265 2286 reprobata
1281 2216 1324 2266 est.

191 2292 267 2352 vida
282 2293 335 2352 lib.
353 2293 377 2354 l.
395 2294 528 2364 sentent.
545 2291 679 2356 distinct.
702 2300 750 2360 17.
770 2304 801 2359 et
819 2293 964 2356 articulos
979 2291 1105 2351 Parisiis
1125 2292 1280 2352 damnatos
1295 2291 1325 2351 sd

192 2379 304 2438 calcem
323 2377 425 2458 operis
439 2377 705 2445 PetriLombardi.
738 2380 832 2441 Divus
846 2380 935 2440 etism
950 2377 1125 2438 Bernerdus
1143 2380 1261 2438 censuit
1272 2377 1326 2436 cte

191 2464 325 2541 ritatem,
345 2483 400 2523 seu
419 2464 545 2541 gratiam
560 2465 810 2542 sanctificantem,
833 2486 898 2526 esse
913 2465 1013 2545 ipsum
1034 2463 1150 2523 Deum:
1173 2465 1229 2524 sed
1243 2464 1326 2524 chari·

194 2559 285 2627 tatem
298 2548 453 2628 spectabat
469 2569 507 2609 ex
522 2559 610 2630 parte
626 2551 739 2627 dantis,
759 2571 816 2611 seu
830 2551 924 2632 ipsius
944 2548 1009 2608 uei:
1032 2547 1159 2608 aliunde
1180 2570 1253 2608 vero
1267 2551 1327 2608 iste·

192 2633 284 2694 batur
298 2638 423 2715 gratiani
438 2642 469 2694 et
487 2633 663 2696 charitatem
678 2637 712 2696 in
730 2638 815 2697 nobis
831 2657 895 2697 esse
912 2635 1064 2715 quoddam
1082 2635 1237 2694 accidens.
1265 2636 1327 2694 ltine

195 2719 309 2793 aiebat,
340 2716 524 2779 substantiva
552 2719 683 2782 chorites
710 2718 922 2784 occidentalem
952 2717 1004 2778 det
1030 2717 1224 2780 charitatem.
1267 2722 1334 2795 Lep

194 2802 258 2864 divi
271 2803 415 2863 Bernardi
427 2806 585 2884 epistolam
603 2804 659 2868 XI.
681 2807 718 2866 sd
736 2808 900 2885 Guigonem
923 2802 1185 2866 carthusiensium
1202 2807 1330 2881 Pnorm,

196 2897 228 2949 et
242 2897 402 2952 uenatum
417 2888 454 2947 de
468 2888 619 2970 diligendo
635 2896 695 2953 ueo
714 2914 781 2974 cap.
796 2891 863 2953 Xll.
908 2909 1091 2952 meraaons.

284 2975 357 3054 Pog-
381 2976 479 3051 1056,
500 2981 531 3041 7.
565 2972 656 3050 ’Ὰςό
676 2971 842 3059 Προφήτης
860 2976 1076 3056 κεφαλαιωδῶς
1092 2971 1170 3038 inssi
1184 2973 1331 3057 προσεῖπε]

200 3056 285 3138 Quos
300 3058 450 3140 Propheta
466 3075 571 3142 septem
582 3067 752 3123 summatim
768 3060 940 3151 appellavit.
963 3060 1054 3121 isaias
1069 3080 1137 3140 cap.
1156 3062 1210 3122 xt.
1225 3067 1331 3126 verat

198 3154 229 3204 et
243 3149 272 3209 3.
285 3145 338 3204 ubi
355 3146 398 3204 sio
412 3156 606 3206 recensentur
625 3157 739 3230 septem
757 3149 855 3208 sancti
867 3147 997 3229 Spiritus
1016 3145 1106 3205 dona.
1138 3144 1178 3204 Et
1194 3149 1334 3232 requiem

197 3251 285 3308 super
298 3253 360 3289 eum
374 3233 495 3311 spiritns
506 3230 647 3310 Domini,
672 3235 792 3315 spiritus
806 3235 967 3315 sapientire
980 3246 1008 3291 et
1022 3227 1208 3306 intellectus,
1229 3234 1336 3311 spiritus

200 3312 320 3373 consilii
337 3329 364 3374 et
369 3313 583 3402 fortitudinia,
604 3319 725 3399 spiritus
738 3320 878 3380 scientias
894 3333 921 3378 et
934 3318 1069 3401 pietatis,
1091 3330 1119 3376 et
1139 3314 1264 3400 replebit
1281 3336 1335 3376 esst

198 3399 319 3477 spiritus
335 3402 450 3461 timoris
465 3401 595 3463 Domini.
641 3424 820 3465 uerrenoun.

288 3482 364 3565 Pog·
388 3490 482 3561 1056,
508 3491 556 3550 10.
598 3485 632 3548 ‘0
647 3490 760 3566 κρίνων
781 3493 883 3552 πᾶσαν
904 3487 961 3570 τήν
981 3492 1059 3571 γῆν,
1083 3480 1122 3550 osi
1134 3482 1336 3566 ποιήσειςιρί

161 3627 162 3632 ,
202 3585 251 3631 σιν
257 3571 277 3643 5]
300 3569 411 3627 Locum
426 3568 510 3631 hunc
525 3572 661 3633 laudavit
674 3575 810 3635 Palsmns
823 3596 860 3634 ex
875 3575 1013 3635 versione
1024 3575 1118 3636 Lxx.
1135 3573 1337 3654 Interpretum

201 3651 330 3728 Vulgata
353 3664 454 3714 nostra
476 3656 568 3717 habet
588 3659 702 3738 absque
720 3661 974 3738 interrogatione,
997 3663 1106 3718 Genea.
1129 3664 1183 3724 18.
1202 3679 1281 3718 vers.
1294 3656 1336 3723 25·

202 3739 256 3820 ραί
269 3736 386 3798 iudicas
401 3761 512 3803 omnem
529 3758 653 3819 terrem,
676 3767 735 3804 non
746 3743 848 3828 socies
864 3743 1006 3805 iudicium
1020 3744 1088 3807 doe.
1111 3743 1268 3804 Hebraeus
1286 3751 1337 3801 tu»

203 3831 253 3883 tus
268 3833 313 3883 est
323 3822 513 3886 huiusmodi:
534 3842 624 3888 naua
642 3845 724 3891 nnus
741 3824 781 3890 ab
796 3846 879 3908 pisa
896 3825 934 3891 52
950 3845 1046 3889 naen.
1079 3829 1114 3888 td
1130 3839 1189 3902 est,
1210 3820 1339 3910 mpii

204 3911 258 3989 qui
276 3906 391 3969 iudicet
405 3931 518 3971 omnem
533 3927 657 3990 terram,
680 3913 732 3975 ille
747 3914 913 3997 nonsooiet
929 3912 1102 3978 iudicium?
1124 3933 1305 3976 cssessoss.

288 3992 414 4057 Ibidem.
461 3991 691 4077 Ου’ποιήοειςς]
720 4000 788 4061 Non
805 3999 935 4086 fiske?
960 4001 1012 4061 vis
1031 4001 1207 4079 argumenti
1227 3996 1339 4062 sistit'n

204 4077 264 4138 hoc
286 4081 388 4140 verbo.
424 4082 507 4144 ,Nam
522 4090 622 4145 ποιεῖν
636 4083 760 4165 [secere]
778 4084 859 4166 apud
874 4087 1008 4146 Grseoos
1025 4085 1189 4165 theologos
1210 4083 1338 4165 n‘gm'ffl
1374 4115 1378 4175 ρ

207 4187 312 4224 oreore.
334 4167 445 4232 Forsan
454 4189 491 4228 ex
507 4170 614 4236 Genes.
624 4172 719 4248 csp.l.
734 4171 787 4229 ubi
803 4170 883 4247 apud
897 4168 969 4246 νοός
979 4173 1071 4239 Lxx.
1082 4171 1207 4250 legitur,
1228 4170 1264 4236 is
1274 4162 1338 4250 im

206 4246 519 4330 1οο1ησενόθεός.1ο
534 4256 683 4336 principio
694 4254 861 4344 Deusseeit,
875 4259 894 4318 i.
903 4278 927 4319 e.
937 4259 1060 4323 οηονίί.
1084 4252 1339 4324 ffimdintffl

1199 4410 1312 4478 1
